1783 2760
433 177 512 211 DE
543 176 740 211 AMORE
771 163 1153 211 PRIMOGENJTJ.
1357 176 1415 211 161

171 274 266 315 illas
287 280 434 328 portas
457 275 499 315 in
517 275 761 315 inferiorem
780 280 1020 315 vestrarum
1043 275 1259 315 Mentium
1283 275 1420 328 regio-

170 357 270 383 nem
293 344 563 393 subintrant3
596 342 726 382 dicite
754 342 871 391 mihi,
892 342 996 394 quid
1024 342 1151 383 Vita!
1182 356 1327 383 annon
1357 349 1422 383 est

173 412 422 464 Intelligere
442 411 547 464 quid
569 424 730 460 verum,
754 411 792 451 ἃ
822 411 986 464 Sapere
1013 411 1117 464 quid
1147 411 1310 452 bonum
1340 413 1422 462 sit;

169 494 268 533 quae
296 494 398 532 ergo
429 485 529 520 sunt
565 479 791 520 Bonitates
823 485 990 529 vestrae,
1023 494 1100 533 per
1132 494 1240 533 quas
1285 481 1423 522 Vobis

171 549 341 601 copiam
357 548 565 601 sapiendi,
582 548 620 588 81
634 548 821 601 denique
836 548 1119 602 intelligendi,
1134 562 1208 589 seu
1223 549 1422 599 vicissim,

171 617 436 666 conciliatis;
487 616 619 657 Anne
653 623 755 657 sunt
784 630 916 657 mera:
947 617 1032 657 illae
1063 616 1424 658 hallucinationes

170 697 386 734 sensuum,
416 686 489 738 qui
525 685 673 725 omnia
708 699 786 725 sua
819 685 993 738 objecta
1023 685 1352 735 obscurissime;
1386 685 1424 726 &

171 767 226 794 ne
247 754 424 806 quidem
442 767 573 794 unam
597 753 783 807 plurium
806 755 1053 807 myriadum
1072 760 1241 807 partem
1259 768 1421 805 eorum,

171 836 270 875 quae
311 823 354 862 in
394 822 489 875 ipsa
528 824 684 863 natura
723 828 835 871 sunt,
878 822 1283 876 appercipiunt(r);
1329 822 1423 863 haec

171 891 524 931 tenebrosissima
555 891 724 943 objecta
756 892 888 944 etiam
918 890 1109 931 Animus
1139 898 1291 941 vester,
1316 893 1428 932 sicut

174 959 314 1008 Ideas,
336 959 378 999 in
402 959 575 999 Mentes
599 959 844 1007 introducit,
868 960 910 999 in
940 959 1097 1012 quibus
1127 960 1283 1000 Mundi
1312 960 1426 1001 illius

173 1028 385 1080 princeps,
403 1028 513 1068 sicut
533 1028 576 1067 in
599 1041 676 1067 suo
699 1027 907 1081 Olympo,
921 1028 1094 1077 residet,
1113 1042 1162 1068 ac
1180 1029 1284 1068 istas
1307 1029 1425 1069 ideas

173 1095 413 1136 secundum
452 1095 617 1145 Animi,
652 1095 832 1148 ejusque
872 1096 1097 1149 geniorum
1133 1096 1351 1137 lubentias
1387 1097 1425 1138 ἃ

173 1164 432 1218 voluptates,
453 1164 646 1217 disponit
679 1164 717 1204 ἃ
748 1164 948 1215 ordinat3
980 1165 1080 1205 inde
1111 1164 1363 1215 formantur,
1388 1166 1426 1206 ἃ

221 1289 270 1334 (r)
291 1290 399 1335 Quod
418 1290 599 1324 Sensuum
616 1296 823 1325 nostrorum
836 1297 1069 1325 externorum
1083 1291 1181 1326 acies
1195 1298 1271 1326 tam
1285 1293 1426 1327 obtusae

174 1345 257 1388 sint,
275 1352 314 1379 ut
331 1356 377 1379 ne
394 1345 543 1389 quidem
565 1356 677 1379 unam
700 1351 843 1390 partem
866 1345 1025 1389 plurium
1047 1346 1266 1390 myriadum,
1284 1359 1366 1392 quae
1390 1348 1427 1382 in

174 1407 304 1435 natura
318 1407 413 1444 sunt,
427 1401 690 1445 appercipiant,
705 1401 742 1434 id
755 1401 905 1445 liquido,
921 1412 942 1434 a
960 1401 1214 1445 phaenomenis
1228 1403 1350 1446 Visus,
1365 1404 1425 1447 qui

173 1463 299 1491 tamen
317 1456 457 1490 caeteris
476 1456 646 1490 sensibus
662 1456 804 1490 acutior
820 1462 886 1499 est,
903 1467 1079 1501 apparere
1101 1463 1221 1501 potest
1239 1469 1245 1491 :
1290 1458 1426 1492 Oculus

172 1511 271 1545 enim
294 1511 443 1545 inermis
470 1522 534 1545 seu
562 1511 693 1554 nudus,
719 1511 941 1556 quandoque
970 1512 1179 1556 congeriem
1204 1512 1427 1547 insectorum

173 1567 384 1609 viventium,
401 1572 440 1600 ut
461 1566 649 1611 quoddam
672 1566 865 1600 minimum
889 1566 943 1600 sui
968 1566 1068 1601 visus
1093 1574 1283 1611 punctum,
1301 1575 1364 1614 aut
1389 1576 1427 1603 ut

174 1621 362 1666 quoddam
387 1621 591 1665 umbratile,
618 1621 875 1666 conspicatur;
905 1622 1064 1656 admotis
1094 1629 1218 1657 tamen
1250 1624 1427 1658 Lentibus

174 1676 304 1720 opticis
335 1676 526 1720 detegitur,
554 1676 652 1721 quod
680 1677 872 1710 innumera
901 1676 974 1711 sint
1002 1677 1236 1712 Animalcula
1262 1679 1367 1720 viva3
1395 1680 1427 1713 δε

174 1731 333 1765 admotis
356 1732 476 1766 adhuc
499 1731 722 1765 acutioribus
745 1731 860 1775 vitris,
884 1731 1158 1776 conspiciuntur
1181 1734 1335 1777 singula,
1353 1745 1427 1768 non

174 1786 291 1819 solum
316 1787 490 1820 membris
516 1786 548 1820 δε
573 1786 734 1829 artubus,
759 1786 824 1820 sed
847 1785 959 1820 etiam
986 1787 1176 1829 Musculis,
1202 1788 1428 1830 Visceribus,

176 1841 334 1885 Organis
353 1853 537 1885 sensuum,
554 1842 692 1884 Oculis,
708 1841 887 1883 Cerebris,
908 1841 1093 1885 Medullis,
1112 1842 1176 1876 &e
1196 1843 1428 1878 distinctissi—

174 1897 255 1940 mis,
266 1897 420 1941 praedita
438 1908 537 1931 esse:
564 1897 594 1931 si
611 1897 733 1930 adhuc
752 1896 955 1930 minutioris
974 1897 1128 1941 sphaerae
1141 1898 1256 1932 lentes
1270 1899 1307 1932 in
1320 1911 1427 1933 usum

173 1952 378 1996 potuissent
395 1953 528 1996 vocari,
547 1952 676 1986 iterum
701 1952 737 1985 in
762 1951 906 1995 singula
928 1958 1031 1996 parte
1052 1953 1153 1996 prius
1177 1954 1427 1999 inconspicua,

173 2018 280 2041 novae
307 2007 563 2051 detegerentur
590 2007 777 2040 mirabiles
806 2007 957 2048 formaeg
987 2007 1072 2042 inde
1100 2016 1268 2044 constare
1296 2017 1427 2054 potest,

174 2073 286 2106 quam
304 2063 455 2097 obtusus
475 2063 520 2096 sit
539 2073 668 2097 sensus
692 2062 806 2096 nostri
829 2062 965 2103 Visus;
991 2063 1090 2107 quod
1111 2071 1235 2099 autem
1257 2066 1426 2108 Auditus,

175 2117 208 2151 δε
225 2118 437 2162 cumprimis
453 2119 589 2151 Tactus
608 2117 729 2151 adhuc
747 2117 912 2150 obtusior
930 2117 988 2159 sit,
1001 2117 1201 2153 innumeris
1220 2120 1428 2154 confirmari

175 2179 319 2216 potest:
345 2183 458 2217 quare
483 2173 560 2206 Lux
586 2183 759 2206 sensuum
786 2179 840 2206 est
865 2178 942 2205 tam
968 2173 1123 2207 obscura
1149 2174 1181 2208 ἃ
1204 2175 1427 2217 indistincta,

175 2234 212 2261 ut
238 2227 357 2270 potius
384 2228 523 2261 umbrae
551 2226 792 2260 assimilanda
819 2226 887 2268 sit3
914 2238 959 2260 ex
981 2227 1050 2261 hac
1077 2235 1201 2263 tamen
1227 2236 1428 2263 nascuntur

179 2282 289 2323 Ideae,
307 2282 339 2315 &
357 2282 404 2316 ab
422 2282 513 2316 ideis
537 2282 742 2316 formantur
764 2281 958 2325 Veritates,
978 2282 1009 2316 δε
1031 2283 1079 2316 ab
1103 2283 1159 2317 his
1183 2283 1342 2328 denique
1370 2285 1427 2317 In-

176 2337 351 2372 tellectus.

780 2404 816 2434 M
