1835 2672
346 124 389 168 56
553 124 738 159 CAPUT
766 123 1085 168 SECUNDUM,
1121 122 1315 158 SECTJO
1346 121 1399 156 II.

346 221 497 274 Magni
520 235 596 262 seu
615 222 749 275 ipsius
773 221 971 263 Caelestis
993 227 1084 262 tam
1107 219 1162 261 ad
1183 221 1329 260 vivum
1353 219 1390 259 ἃ
1408 231 1606 259 normam

345 290 614 330 delineatum
640 290 1031 344 deprehenderent,
1053 291 1095 330 in
1127 303 1257 342 quem
1287 288 1396 338 ideo,
1418 287 1608 329 delecta-

346 359 466 400 tione
486 359 665 409 allectae,
689 373 735 399 se
752 366 905 400 mutuo
928 359 1185 407 invitabant,
1210 357 1247 398 δι
1271 371 1395 397 sacro
1415 357 1606 413 quodam

348 428 431 468 ritu
452 442 501 468 ac
522 435 627 468 voto
649 442 747 468 eum
766 427 1108 481 inaugurabant;
1132 427 1174 467 id
1193 426 1326 467 etiam
1344 424 1611 478 gaudebant,

348 497 466 549 quod
485 497 695 537 unicuivis
714 496 1023 549 Intelligentiae
1041 509 1165 536 suam
1183 494 1470 547 assignaverit
1485 493 1610 546 quasi

349 567 517 617 aedem;
551 565 589 605 &
622 565 794 618 singula
826 565 920 605 haec
954 565 995 605 in
1032 564 1464 618 repraesentationem
1503 560 1610 603 Caeli

347 635 504 675 siderei
544 635 744 674 ordinata
783 640 875 674 tam
915 634 1110 687 speciose
1159 632 1422 685 disposuerit
1444 630 1520 684 (a),
1562 635 1611 671 ut

354 740 525 783 Cerebro,
550 745 744 774 occummt
770 739 965 783 sphaerulae
988 738 1203 772 mirabiliter
1224 744 1373 782 gyratae,
1396 747 1478 782 quae
1500 735 1612 780 vulgo

353 794 549 829 Glandulae
567 795 758 829 corticales
777 794 958 837 dicuntur,
976 794 1049 837 ubi,
1069 794 1154 838 quia
1170 793 1272 826 fibrae
1295 792 1345 826 ibi
1369 791 1613 826 terminantur

353 851 385 885 ἃ
409 851 596 893 inchoant,
617 851 726 884 Mens
750 857 887 893 nostra,
906 850 935 884 si
960 861 1003 883 ex
1025 849 1215 894 principiis
1239 848 1404 882 omnium
1425 847 1612 888 fibrarum,

352 916 427 938 non
445 905 532 938 alibi
551 911 673 949 potest
690 916 820 948 agere3
839 916 926 938 nam
944 904 992 938 ad
1010 904 1102 946 illas,
1116 910 1155 937 ut
1169 903 1261 937 fines
1276 903 1436 945 ultimos,
1448 901 1613 935 omnium

352 972 500 995 suorum
519 971 693 994 sensuum
711 960 843 994 modos
862 960 895 994 δε
912 959 1035 993 radios
1054 959 1202 993 deducit
1220 958 1252 992 δε
1268 958 1416 1001 colligit,
1432 957 1465 991 &
1481 957 1532 990 ibi
1549 966 1614 990 eos

352 1017 389 1049 in
405 1016 608 1060 spatiosum
622 1015 909 1060 interioremque
922 1014 1169 1059 perceptionis
1182 1014 1460 1057 intellectusque
1476 1012 1614 1046 circum

354 1071 487 1105 emittit
504 1083 512 1112 ;
538 1082 668 1105 omnes
686 1070 785 1105 enim
804 1070 916 1114 fibrae,
936 1076 1116 1115 quotquot
1134 1075 1229 1113 sunt,
1248 1080 1291 1102 ex
1308 1068 1366 1102 his
1390 1067 1615 1102 Substantiis

354 1133 577 1160 enascuntur
604 1126 637 1160 &
665 1126 942 1170 producuntur:
977 1136 1090 1170 quare
1117 1125 1177 1158 hic
1204 1130 1370 1158 nostrum
1400 1121 1614 1157 Sensorium

354 1193 551 1216 commune
570 1188 636 1225 est,
655 1181 810 1226 proinde
831 1182 943 1216 etiam
967 1187 1133 1215 nostrum
1158 1180 1340 1223 intimum,
1359 1190 1422 1213 seu
1448 1178 1615 1212 Intellec-

353 1238 499 1280 torium,
517 1237 616 1282 quod
642 1248 685 1271 ex
711 1237 882 1271 sensibus
909 1237 983 1270 suis
1009 1236 1175 1281 percipit,
1194 1246 1237 1269 ex
1260 1235 1444 1280 perceptis
1466 1233 1615 1277 cogitat,

354 1304 397 1326 ex
416 1293 585 1336 cogitatis
599 1291 752 1336 judicat,
771 1302 814 1325 ex
833 1291 1007 1335 judicatis
1032 1291 1144 1334 eligit,
1163 1302 1206 1324 ex
1223 1290 1349 1324 electis
1368 1288 1564 1331 desiderat,
1583 1288 1616 1322 δε

354 1347 505 1381 demum
527 1357 570 1380 ex
593 1346 823 1388 desideratis,
842 1357 925 1390 quae
948 1346 1036 1387 vult,
1055 1346 1090 1378 in
1115 1351 1239 1379 actum
1263 1344 1508 1385 determinat3
1533 1343 1615 1377 heic

354 1402 478 1446 itaque
492 1408 547 1435 est
563 1412 735 1445 suprema
750 1401 865 1434 nostri
882 1401 1054 1445 Corporis
1071 1401 1236 1445 Sphaera,
1249 1400 1281 1434 ἃ
1295 1406 1473 1443 tanquam
1490 1399 1616 1442 Olym-

354 1468 423 1501 pus
442 1468 505 1490 seu
522 1457 675 1498 Caelum,
688 1467 772 1489 nam
790 1456 887 1499 inde,
899 1462 937 1489 ut
949 1467 970 1488 a
984 1455 1138 1497 Centris,
1153 1466 1217 1489 seu
1229 1454 1367 1489 intimis
1380 1454 1412 1488 δε
1425 1453 1617 1498 supremis,

356 1519 489 1547 caetera
506 1518 544 1545 ut
564 1512 599 1545 in
618 1511 847 1556 peripheriis,
866 1522 929 1545 seu
948 1511 1052 1553 infra,
1071 1510 1351 1555 prospiciuntur.
1396 1509 1504 1553 Quod
1524 1508 1617 1542 Sub*

358 1566 504 1601 stantiae
537 1566 606 1608 hae,
639 1566 840 1600 Corticales
876 1566 996 1608 dictae,
1031 1565 1139 1599 simul
1172 1571 1315 1607 sumtae,
1348 1564 1419 1598 hoc
1450 1569 1617 1597 nostrum

359 1622 499 1656 Caelum
530 1621 767 1664 constituant,
794 1621 905 1655 etiam
933 1621 970 1654 in
1000 1621 1081 1655 luce
1106 1620 1339 1665 experientiae
1364 1620 1526 1664 positum
1550 1624 1619 1662 est,

358 1677 429 1710 illis
441 1677 540 1711 enim
552 1676 704 1718 affectis,
714 1677 884 1710 universa
896 1676 1070 1710 fibrarum
1083 1675 1278 1720 appendix,
1290 1675 1327 1709 id
1338 1681 1405 1718 est,
1419 1675 1618 1709 Cerebrum

361 1733 586 1777 Corpusque,
613 1732 780 1775 afficitur,
806 1732 1131 1776 contabescitque3
1169 1731 1201 1765 δι
1231 1730 1381 1776 quidem
1415 1729 1618 1764 secundum

360 1788 586 1833 ipsissimum
618 1788 774 1832 gradum
807 1787 1045 1832 modumque,
1073 1798 1145 1831 quo
1179 1787 1250 1820 illae
1279 1786 1496 1829 afficiuntur,
1523 1785 1619 1819 vires

362 1843 636 1887 imaginationis
661 1843 877 1886 hebescunt,
903 1842 1137 1885 cogitationis
1162 1841 1414 1885 languescunt,
1440 1839 1618 1874 memoria

361 1898 568 1941 marcescit,
595 1898 919 1932 determinationes
946 1897 1147 1931 voluntatis
1171 1897 1324 1940 haerent,
1349 1895 1532 1930 desideria
1556 1906 1619 1929 va-

363 1954 499 1997 cillant,
518 1953 550 1987 &
569 1954 800 1988 sensationes
819 1959 1042 1998 stupescunt.

412 2008 461 2052 (a)
491 2009 600 2052 Quod
623 2009 816 2053 sphaerulae
841 2009 923 2052 illae,
945 2008 1147 2043 Corticales
1172 2007 1292 2051 dictae,
1309 2018 1392 2051 quae
1415 2011 1499 2040 sunt
1521 2005 1619 2050 prin-

364 2063 461 2108 cipia
479 2063 667 2106 fibrarum,
680 2064 834 2108 proinde
848 2064 959 2098 etiam
976 2063 1123 2097 Cerebri
1140 2062 1214 2096 late
1232 2061 1352 2104 sumti,
1367 2072 1431 2094 seu
1448 2060 1521 2093 una
1535 2071 1619 2094 cum

367 2119 570 2162 Cerebello,
598 2119 765 2152 Medulla
792 2118 1004 2162 Oblongata
1030 2118 1062 2152 &
1089 2117 1241 2161 Spinali,
1264 2115 1450 2158 intellecti,
1472 2115 1522 2149 ita
1547 2115 1620 2150 dis-

363 2175 494 2219 positae
519 2174 551 2207 S:
574 2174 610 2207 in
635 2174 751 2218 spiras
771 2174 1031 2208 circumductae
1051 2173 1133 2215 sint,
1152 2172 1225 2205 imo
1243 2172 1353 2206 etiarn
1371 2171 1445 2204 suis
1465 2171 1621 2205 Circulis

364 2229 577 2274 majoribus,
608 2230 717 2273 Polis,
747 2230 779 2264 δε
809 2230 961 2272 Axibus,
989 2229 1189 2271 instructae,
1215 2233 1254 2261 ut
1280 2237 1427 2271 prorsus
1456 2226 1621 2270 Sphaerae

368 2285 533 2320 Caelestis
557 2285 713 2319 sormam
732 2285 959 2328 tumulentur,
978 2284 1063 2318 alibi
1084 2284 1190 2318 datur
1207 2283 1308 2316 locus
1332 2282 1619 2317 demonstrandi.
