1835 2672
380 127 443 162 168
575 128 758 163 CAPUT
788 129 1106 175 SECUNDUM,
1139 100 1332 168 SECTJO
1365 132 1439 168 Ill.

376 226 525 267 funera
548 226 585 267 81
608 241 737 280 rogos
760 229 985 281 utriusque
1005 229 1140 270 cladis
1163 244 1353 283 praesens
1371 231 1567 283 imperat,
1586 236 1633 272 ut

375 296 518 335 omnis
540 296 669 336 turba
695 310 832 349 usque
859 299 914 338 ad
945 299 1283 340 internecionem
1309 301 1402 340 sine
1428 300 1633 340 missione

374 364 562 404 dimicet.
627 365 738 405 Haec
769 372 871 406 sunt
900 367 992 420 ejus
1026 367 1244 408 Amorum
1279 369 1420 419 Ludi;
1452 369 1633 422 haecque

374 439 476 473 sunt
493 433 586 485 ejus
602 433 908 483 oblectamina,
922 449 971 475 ac
989 435 1279 488 hyacinthicae
1297 450 1495 490 pompae:
1531 436 1632 490 Quo

374 502 608 542 atrociores
648 509 749 543 sunt
789 504 1028 555 conflictus,
1070 504 1108 545 ἃ
1151 506 1506 558 inexpiabiliores
1546 507 1632 555 irae,

373 570 607 610 Veterator
656 571 728 612 ille
773 586 825 612 eo
864 573 993 613 latius
1033 574 1200 614 diducit
1241 575 1409 624 rictum,
1452 589 1502 615 ac
1542 576 1633 615 edit

373 639 634 681 cachinnos:
664 655 800 693 usque
828 648 977 682 tamen
1005 643 1305 696 indignissime
1333 644 1426 693 fert,
1454 645 1488 684 si
1517 645 1632 698 quis-

375 721 506 760 quam
529 708 606 748 has
624 723 723 749 suas
743 711 1001 751 Erichtones
1019 725 1106 751 non
1124 718 1172 753 ut
1188 712 1377 753 Amores
1393 719 1630 754 veneretur.

432 787 497 828 77.
533 778 594 817 Hi
636 779 958 819 mendacissimi
1000 779 1202 830 Amores,
1239 782 1415 821 tametsi
1451 795 1633 822 numero

373 845 531 886 infiniti
555 853 667 896 sunt,
687 861 823 900 usque
841 854 989 888 tamen
1006 849 1057 889 iis
1079 849 1219 890 solum
1242 850 1331 890 bini
1356 850 1502 890 Duces
1523 865 1633 904 prae-

372 914 469 954 torii
491 915 684 967 praefecti
713 923 826 965 sunt,
849 931 1034 969 quorum
1064 932 1174 958 unus
1204 919 1359 960 dicitur
1385 919 1527 959 Amor
1554 919 1632 968 sui,

373 982 483 1023 alter
508 998 611 1024 vero
639 985 783 1025 Amor
815 986 997 1036 Mundi;
1028 1001 1139 1040 quos
1170 989 1263 1041 ipse
1295 988 1499 1041 Princeps
1531 1002 1633 1029 suos

374 1052 626 1106 Optimates
661 1061 799 1096 vocat.
875 1056 958 1095 His
992 1070 1094 1096 vero
1131 1057 1274 1110 plures
1310 1057 1495 1109 subjecti
1531 1063 1633 1098 sunt

373 1122 552 1162 minoris
585 1124 817 1175 potestatis
848 1125 992 1174 duces,
1018 1132 1217 1179 satrapae,
1245 1126 1455 1179 primores
1486 1126 1633 1179 plebe-

373 1191 523 1240 iorum,
541 1193 825 1243 centuriones,
842 1207 941 1234 cum
956 1195 1193 1235 innumeris
1210 1195 1443 1242 lictoribus,
1458 1209 1632 1248 prorsus

373 1260 429 1300 ad
464 1261 608 1301 ideam
642 1262 736 1314 ejus
772 1263 919 1316 magni
958 1263 1134 1316 Imperii
1170 1264 1212 1304 in
1248 1264 1475 1313 Universo,
1510 1264 1633 1317 cujus

373 1331 595 1383 regiminis
617 1330 801 1371 sormam
824 1332 986 1384 ubique
1008 1332 1185 1373 inducit.
1242 1333 1432 1386 Imperia
1454 1347 1631 1374 suorum

375 1398 654 1451 Optimatum
677 1399 779 1452 quia
798 1400 958 1452 ampla,
977 1402 1017 1440 in
1042 1401 1208 1453 Regna,
1229 1401 1510 1454 Principatus,
1530 1402 1632 1442 Pro-

372 1468 547 1516 vincias,
571 1481 622 1508 ac
644 1468 788 1520 plures
811 1468 1089 1518 Dominatus‚
1114 1469 1345 1510 distributa
1367 1476 1492 1520 sunt;
1525 1484 1633 1523 quo-

372 1550 467 1576 rum
494 1542 642 1576 tamen
670 1537 995 1590 unumquodvis
1023 1537 1215 1590 aliquam
1247 1538 1402 1578 Mundi
1431 1539 1631 1592 effigiem,

372 1618 445 1644 seu
475 1605 750 1655 Universum,
775 1606 912 1656 refert,
933 1606 1056 1658 cujus
1087 1607 1256 1659 sphaera
1286 1607 1445 1647 limites
1476 1614 1632 1648 exten-

372 1674 505 1716 siores
523 1674 560 1714 St
574 1675 885 1714 contractiores
903 1682 1013 1722 sunt,
1030 1676 1269 1715 secundum
1288 1676 1632 1728 proximitatem,

373 1756 470 1795 quae
503 1756 663 1792 secum,
701 1743 738 1783 ἃ
771 1757 870 1783 cum
905 1744 1101 1784 maximo
1134 1758 1223 1794 suo,
1258 1745 1511 1786 intercedit:
1544 1747 1631 1798 qua

372 1812 540 1852 ratione
568 1812 729 1852 dantur
754 1812 883 1864 hujus
911 1812 1059 1852 farinae
1093 1813 1283 1854 Amores
1316 1815 1559 1867 superiores
1591 1814 1629 1855 &

371 1880 602 1921 inferiores.
687 1881 957 1934 Unaquaevis
1006 1882 1133 1922 Mens
1176 1883 1217 1922 in
1259 1882 1400 1935 effigie
1439 1883 1629 1936 aliquem

372 1949 536 1991 Orbem
571 1963 621 1990 ac
655 1950 886 1999 Mundum,
921 1950 1119 1990 similiter
1154 1964 1203 1991 ac
1239 1951 1366 1991 Mens
1404 1951 1631 2004 Suprema,

370 2019 511 2067 struit,
536 2018 573 2058 ἃ
602 2019 724 2070 quasi
757 2019 918 2069 condit,
939 2019 982 2058 in
1009 2033 1096 2072 quo
1128 2019 1200 2059 illa
1229 2033 1380 2059 omnes
1408 2020 1510 2060 vitae
1540 2034 1630 2061 suae

371 2101 519 2127 cursus
554 2088 750 2140 pe'ragit;
794 2088 987 2128 intuetur
1017 2089 1132 2128 enim
1166 2085 1284 2137 fines,
1317 2087 1354 2128 ἃ
1386 2102 1443 2128 ex
1476 2092 1631 2130 natura

371 2162 598 2209 comparat
614 2156 694 2196 sibi
717 2157 873 2206 media,
889 2171 965 2210 per
981 2170 1080 2210 quae
1098 2156 1204 2197 fines
1221 2157 1290 2197 isti
1308 2157 1511 2197 effectum
1529 2171 1630 2198 con—

371 2231 634 2277 sequantur:
667 2225 857 2278 Magnus
881 2226 1013 2266 etiam
1036 2226 1106 2266 hic
1128 2225 1333 2275 Mundus,
1350 2239 1437 2266 non
1461 2232 1526 2267 est
1547 2227 1629 2267 nisi

372 2294 630 2347 complexus
654 2294 914 2344 Mediorum‚
929 2300 976 2335 ut
994 2295 1124 2336 Fines
1142 2294 1179 2335 &
1197 2293 1395 2336 Arbitria
1415 2295 1629 2349 Supremi,
