<?xml version="1.0" encoding="UTF-8"?>
<!DOCTYPE html PUBLIC "-//W3C//DTD XHTML 1.0 Transitional//EN"
    "http://www.w3.org/TR/xhtml1/DTD/xhtml1-transitional.dtd">
<html xmlns="http://www.w3.org/1999/xhtml" xml:lang="en" lang="en">
 <head>
  <title>
</title>
<meta http-equiv="Content-Type" content="text/html;charset=utf-8" />
  <meta name='ocr-system' content='tesseract 3.04.00' />
  <meta name='ocr-capabilities' content='ocr_page ocr_carea ocr_par ocr_line ocrx_word'/>
</head>
<body>
  <div class='ocr_page' id='page_1' title='image "./parsprimadecultu00swed_0232.png"; bbox 0 0 1835 2672; ppageno 0'>
   <div class='ocr_carea' id='block_1_1' title="bbox 437 135 1294 180">
    <p class='ocr_par' dir='ltr' id='par_1_1' title="bbox 437 135 1294 180">
     <span class='ocr_line' id='line_1_1' title="bbox 437 135 1294 180; baseline 0.001 -11"><span class='ocrx_word' id='word_1_1' title='bbox 437 145 482 180; x_wconf 88' lang='lat'>34</span> <span class='ocrx_word' id='word_1_2' title='bbox 847 135 991 170; x_wconf 77' lang='lat' dir='ltr'><em>PARS</em></span> <span class='ocrx_word' id='word_1_3' title='bbox 1022 135 1294 179; x_wconf 83' lang='lat' dir='ltr'><em>SECUNDA,</em></span> 
     </span>
    </p>
   </div>
   <div class='ocr_carea' id='block_1_2' title="bbox 435 235 1690 1455">
    <p class='ocr_par' dir='ltr' id='par_1_2' title="bbox 435 235 1690 1455">
     <span class='ocr_line' id='line_1_2' title="bbox 439 235 1686 289; baseline -0.001 -12"><span class='ocrx_word' id='word_1_4' title='bbox 439 235 633 289; x_wconf 79' lang='lat' dir='ltr'>Corpora</span> <span class='ocrx_word' id='word_1_5' title='bbox 671 235 752 276; x_wconf 89' lang='lat' dir='ltr'>sub</span> <span class='ocrx_word' id='word_1_6' title='bbox 784 235 892 276; x_wconf 91' lang='lat' dir='ltr'>facie</span> <span class='ocrx_word' id='word_1_7' title='bbox 924 235 1127 285; x_wconf 79' lang='lat' dir='ltr'>humana,</span> <span class='ocrx_word' id='word_1_8' title='bbox 1151 237 1226 277; x_wconf 91' lang='lat' dir='ltr'>sed</span> <span class='ocrx_word' id='word_1_9' title='bbox 1259 237 1372 276; x_wconf 89' lang='lat' dir='ltr'>intra</span> <span class='ocrx_word' id='word_1_10' title='bbox 1407 236 1610 276; x_wconf 89' lang='lat' dir='ltr'>corticem</span> <span class='ocrx_word' id='word_1_11' title='bbox 1648 235 1686 276; x_wconf 83' lang='lat'>&amp;</span> 
     </span>
     <span class='ocr_line' id='line_1_3' title="bbox 438 303 1689 355; baseline 0 -11"><span class='ocrx_word' id='word_1_12' title='bbox 438 310 604 345; x_wconf 62' lang='lat' dir='ltr'>naturae</span> <span class='ocrx_word' id='word_1_13' title='bbox 627 304 785 354; x_wconf 88' lang='lat' dir='ltr'>fucum,</span> <span class='ocrx_word' id='word_1_14' title='bbox 807 305 964 345; x_wconf 91' lang='lat' dir='ltr'>nostris</span> <span class='ocrx_word' id='word_1_15' title='bbox 984 305 1120 345; x_wconf 91' lang='lat' dir='ltr'>oculis</span> <span class='ocrx_word' id='word_1_16' title='bbox 1147 305 1238 355; x_wconf 88' lang='lat' dir='ltr'>visi,</span> <span class='ocrx_word' id='word_1_17' title='bbox 1260 304 1568 344; x_wconf 82' lang='lat' dir='ltr'>Animantium</span> <span class='ocrx_word' id='word_1_18' title='bbox 1582 303 1689 344; x_wconf 86' lang='lat' dir='ltr'>refe-</span> 
     </span>
     <span class='ocr_line' id='line_1_4' title="bbox 438 372 1689 423; baseline 0 -11"><span class='ocrx_word' id='word_1_19' title='bbox 438 379 537 413; x_wconf 88' lang='lat' dir='ltr'>runt</span> <span class='ocrx_word' id='word_1_20' title='bbox 552 373 696 413; x_wconf 87' lang='lat' dir='ltr'>vultus</span> <span class='ocrx_word' id='word_1_21' title='bbox 713 386 722 423; x_wconf 88' lang='lat'>;</span> <span class='ocrx_word' id='word_1_22' title='bbox 743 373 893 413; x_wconf 83' lang='lat' dir='ltr'>Vitam</span> <span class='ocrx_word' id='word_1_23' title='bbox 912 373 1026 413; x_wconf 90' lang='lat' dir='ltr'>enim</span> <span class='ocrx_word' id='word_1_24' title='bbox 1044 374 1108 413; x_wconf 93' lang='lat' dir='ltr'>sui</span> <span class='ocrx_word' id='word_1_25' title='bbox 1124 373 1269 419; x_wconf 88' lang='lat' dir='ltr'>animi,</span> <span class='ocrx_word' id='word_1_26' title='bbox 1288 373 1329 414; x_wconf 90' lang='lat' dir='ltr'>id</span> <span class='ocrx_word' id='word_1_27' title='bbox 1349 378 1426 422; x_wconf 90' lang='lat' dir='ltr'>est,</span> <span class='ocrx_word' id='word_1_28' title='bbox 1441 372 1689 421; x_wconf 81' lang='lat' dir='ltr'><strong>animalem,</strong></span> 
     </span>
     <span class='ocr_line' id='line_1_5' title="bbox 438 434 1690 495; baseline -0.001 -13"><span class='ocrx_word' id='word_1_29' title='bbox 438 455 513 482; x_wconf 86' lang='lat' dir='ltr'>seu</span> <span class='ocrx_word' id='word_1_30' title='bbox 534 442 684 482; x_wconf 83' lang='lat' dir='ltr'>Vitam</span> <span class='ocrx_word' id='word_1_31' title='bbox 707 442 909 495; x_wconf 88' lang='lat' dir='ltr'>corporis,</span> <span class='ocrx_word' id='word_1_32' title='bbox 930 442 973 482; x_wconf 91' lang='lat' dir='ltr'>id</span> <span class='ocrx_word' id='word_1_33' title='bbox 994 434 1071 491; x_wconf 83' lang='lat' dir='ltr'>est,</span> <span class='ocrx_word' id='word_1_34' title='bbox 1093 441 1346 491; x_wconf 80' lang='lat' dir='ltr'>naturalem,</span> <span class='ocrx_word' id='word_1_35' title='bbox 1372 441 1410 482; x_wconf 68' lang='grc' dir='ltr'>ἃ</span> <span class='ocrx_word' id='word_1_36' title='bbox 1442 455 1528 481; x_wconf 91' lang='lat' dir='ltr'>non</span> <span class='ocrx_word' id='word_1_37' title='bbox 1561 441 1690 481; x_wconf 88' lang='lat' dir='ltr'>simul</span> 
     </span>
     <span class='ocr_line' id='line_1_6' title="bbox 436 509 1689 562; baseline -0.002 -11"><span class='ocrx_word' id='word_1_38' title='bbox 436 511 587 551; x_wconf 81' lang='lat' dir='ltr'>Vitam</span> <span class='ocrx_word' id='word_1_39' title='bbox 619 511 917 551; x_wconf 82' lang='lat' dir='ltr'>mediatricem</span> <span class='ocrx_word' id='word_1_40' title='bbox 945 524 1020 551; x_wconf 91' lang='lat' dir='ltr'>seu</span> <span class='ocrx_word' id='word_1_41' title='bbox 1050 510 1292 560; x_wconf 84' lang='lat' dir='ltr'>Caelestem,</span> <span class='ocrx_word' id='word_1_42' title='bbox 1315 524 1413 562; x_wconf 82' lang='lat' dir='ltr'>quae</span> <span class='ocrx_word' id='word_1_43' title='bbox 1434 509 1584 550; x_wconf 84' lang='lat' dir='ltr'>Vitam</span> <span class='ocrx_word' id='word_1_44' title='bbox 1608 509 1689 551; x_wconf 90' lang='lat' dir='ltr'>Su-</span> 
     </span>
     <span class='ocr_line' id='line_1_7' title="bbox 436 579 1689 632; baseline -0.002 -12"><span class='ocrx_word' id='word_1_45' title='bbox 436 580 574 632; x_wconf 87' lang='lat' dir='ltr'>premi</span> <span class='ocrx_word' id='word_1_46' title='bbox 595 581 695 620; x_wconf 81' lang='lat' dir='ltr'>vitae</span> <span class='ocrx_word' id='word_1_47' title='bbox 718 579 903 620; x_wconf 87' lang='lat' dir='ltr'>naturali</span> <span class='ocrx_word' id='word_1_48' title='bbox 925 579 1162 632; x_wconf 82' lang='lat' dir='ltr'>conjungit,</span> <span class='ocrx_word' id='word_1_49' title='bbox 1179 580 1330 620; x_wconf 90' lang='lat' dir='ltr'>vivunt</span> <span class='ocrx_word' id='word_1_50' title='bbox 1348 593 1356 629; x_wconf 87' lang='lat'>;</span> <span class='ocrx_word' id='word_1_51' title='bbox 1388 592 1521 631; x_wconf 89' lang='lat' dir='ltr'>quare</span> <span class='ocrx_word' id='word_1_52' title='bbox 1537 591 1689 618; x_wconf 90' lang='lat' dir='ltr'>omnes</span> 
     </span>
     <span class='ocr_line' id='line_1_8' title="bbox 439 646 1690 700; baseline -0.002 -12"><span class='ocrx_word' id='word_1_53' title='bbox 439 647 576 698; x_wconf 91' lang='lat' dir='ltr'>Genii,</span> <span class='ocrx_word' id='word_1_54' title='bbox 600 648 672 700; x_wconf 86' lang='lat' dir='ltr'>qui</span> <span class='ocrx_word' id='word_1_55' title='bbox 705 648 836 688; x_wconf 90' lang='lat' dir='ltr'>etiam</span> <span class='ocrx_word' id='word_1_56' title='bbox 859 646 1173 687; x_wconf 85' lang='lat' dir='ltr'>Animantibus</span> <span class='ocrx_word' id='word_1_57' title='bbox 1204 647 1363 696; x_wconf 88' lang='lat' dir='ltr'>insunt,</span> <span class='ocrx_word' id='word_1_58' title='bbox 1385 661 1410 687; x_wconf 89' lang='lat' dir='ltr'>a</span> <span class='ocrx_word' id='word_1_59' title='bbox 1438 646 1525 686; x_wconf 91' lang='lat' dir='ltr'>suis</span> <span class='ocrx_word' id='word_1_60' title='bbox 1545 659 1690 699; x_wconf 79' lang='lat' dir='ltr'>ergas-</span> 
     </span>
     <span class='ocr_line' id='line_1_9' title="bbox 436 714 1689 768; baseline -0.001 -12"><span class='ocrx_word' id='word_1_61' title='bbox 436 717 551 766; x_wconf 90' lang='lat' dir='ltr'>tulis,</span> <span class='ocrx_word' id='word_1_62' title='bbox 591 717 634 756; x_wconf 90' lang='lat' dir='ltr'>in</span> <span class='ocrx_word' id='word_1_63' title='bbox 677 717 841 757; x_wconf 90' lang='lat' dir='ltr'>Mentis</span> <span class='ocrx_word' id='word_1_64' title='bbox 885 729 1035 756; x_wconf 91' lang='lat' dir='ltr'>eorum</span> <span class='ocrx_word' id='word_1_65' title='bbox 1082 715 1309 768; x_wconf 77' lang='lat' dir='ltr'>sphaeram,</span> <span class='ocrx_word' id='word_1_66' title='bbox 1352 716 1609 768; x_wconf 89' lang='lat' dir='ltr'>irrumpunt,</span> <span class='ocrx_word' id='word_1_67' title='bbox 1651 714 1689 755; x_wconf 67' lang='grc' dir='ltr'>ἃ</span> 
     </span>
     <span class='ocr_line' id='line_1_10' title="bbox 436 782 1687 836; baseline -0.002 -11"><span class='ocrx_word' id='word_1_68' title='bbox 436 784 599 825; x_wconf 79' lang='lat' dir='ltr'>Genios</span> <span class='ocrx_word' id='word_1_69' title='bbox 637 785 880 832; x_wconf 89' lang='lat' dir='ltr'>Humanos,</span> <span class='ocrx_word' id='word_1_70' title='bbox 909 785 1065 824; x_wconf 70' lang='lat' dir='ltr'>natura</span> <span class='ocrx_word' id='word_1_71' title='bbox 1098 783 1304 833; x_wconf 78' lang='lat' dir='ltr'>caelestes,</span> <span class='ocrx_word' id='word_1_72' title='bbox 1335 783 1520 836; x_wconf 82' lang='lat' dir='ltr'>abigunt</span> <span class='ocrx_word' id='word_1_73' title='bbox 1552 783 1595 823; x_wconf 89' lang='lat' dir='ltr'>in</span> <span class='ocrx_word' id='word_1_74' title='bbox 1626 782 1687 822; x_wconf 88' lang='lat' dir='ltr'>fu-</span> 
     </span>
     <span class='ocr_line' id='line_1_11' title="bbox 435 851 1689 905; baseline -0.002 -12"><span class='ocrx_word' id='word_1_75' title='bbox 435 867 548 905; x_wconf 83' lang='lat' dir='ltr'>gam,</span> <span class='ocrx_word' id='word_1_76' title='bbox 582 858 657 892; x_wconf 89' lang='lat' dir='ltr'>aut</span> <span class='ocrx_word' id='word_1_77' title='bbox 691 853 859 893; x_wconf 90' lang='lat' dir='ltr'>vinctos</span> <span class='ocrx_word' id='word_1_78' title='bbox 895 852 937 891; x_wconf 93' lang='lat' dir='ltr'>in</span> <span class='ocrx_word' id='word_1_79' title='bbox 973 865 1074 892; x_wconf 88' lang='lat' dir='ltr'>suos</span> <span class='ocrx_word' id='word_1_80' title='bbox 1110 865 1300 892; x_wconf 85' lang='lat' dir='ltr'>carceres</span> <span class='ocrx_word' id='word_1_81' title='bbox 1332 852 1596 892; x_wconf 89' lang='lat' dir='ltr'>detrudunt:</span> <span class='ocrx_word' id='word_1_82' title='bbox 1629 851 1689 891; x_wconf 82' lang='lat' dir='ltr'>sic</span> 
     </span>
     <span class='ocr_line' id='line_1_12' title="bbox 436 919 1688 972; baseline -0.002 -11"><span class='ocrx_word' id='word_1_83' title='bbox 436 927 580 962; x_wconf 86' lang='lat' dir='ltr'>totum</span> <span class='ocrx_word' id='word_1_84' title='bbox 603 922 822 961; x_wconf 89' lang='lat' dir='ltr'>invertunt</span> <span class='ocrx_word' id='word_1_85' title='bbox 844 920 1040 960; x_wconf 89' lang='lat' dir='ltr'>ordinem</span> <span class='ocrx_word' id='word_1_86' title='bbox 1061 934 1069 971; x_wconf 79' lang='lat'><em>3</em></span> <span class='ocrx_word' id='word_1_87' title='bbox 1101 919 1191 960; x_wconf 90' lang='lat' dir='ltr'>fera</span> <span class='ocrx_word' id='word_1_88' title='bbox 1212 919 1430 972; x_wconf 88' lang='lat' dir='ltr'>mancipia</span> <span class='ocrx_word' id='word_1_89' title='bbox 1451 920 1494 959; x_wconf 91' lang='lat' dir='ltr'>in</span> <span class='ocrx_word' id='word_1_90' title='bbox 1515 919 1688 959; x_wconf 84' lang='lat' dir='ltr'>liberta-</span> 
     </span>
     <span class='ocr_line' id='line_1_13' title="bbox 436 987 1688 1042; baseline -0.003 -11"><span class='ocrx_word' id='word_1_91' title='bbox 436 996 526 1031; x_wconf 89' lang='lat' dir='ltr'>tem</span> <span class='ocrx_word' id='word_1_92' title='bbox 550 991 682 1030; x_wconf 89' lang='lat' dir='ltr'>missa</span> <span class='ocrx_word' id='word_1_93' title='bbox 705 989 847 1042; x_wconf 83' lang='lat' dir='ltr'>Regni</span> <span class='ocrx_word' id='word_1_94' title='bbox 870 989 1080 1029; x_wconf 89' lang='lat' dir='ltr'>invadunt</span> <span class='ocrx_word' id='word_1_95' title='bbox 1103 988 1264 1039; x_wconf 88' lang='lat' dir='ltr'>fasces;</span> <span class='ocrx_word' id='word_1_96' title='bbox 1297 988 1501 1041; x_wconf 90' lang='lat' dir='ltr'>Princeps</span> <span class='ocrx_word' id='word_1_97' title='bbox 1518 987 1688 1037; x_wconf 88' lang='lat' dir='ltr'>Mundi,</span> 
     </span>
     <span class='ocr_line' id='line_1_14' title="bbox 436 1055 1688 1110; baseline -0.002 -11"><span class='ocrx_word' id='word_1_98' title='bbox 436 1059 751 1099; x_wconf 89' lang='lat' dir='ltr'>infensissimus</span> <span class='ocrx_word' id='word_1_99' title='bbox 782 1057 888 1099; x_wconf 83' lang='lat' dir='ltr'>Caeli</span> <span class='ocrx_word' id='word_1_100' title='bbox 910 1056 1060 1106; x_wconf 86' lang='lat' dir='ltr'>hostis,</span> <span class='ocrx_word' id='word_1_101' title='bbox 1081 1057 1154 1110; x_wconf 85' lang='lat' dir='ltr'>qui</span> <span class='ocrx_word' id='word_1_102' title='bbox 1176 1056 1343 1097; x_wconf 82' lang='lat' dir='ltr'>Animo</span> <span class='ocrx_word' id='word_1_103' title='bbox 1372 1057 1495 1106; x_wconf 88' lang='lat' dir='ltr'>inest,</span> <span class='ocrx_word' id='word_1_104' title='bbox 1518 1056 1556 1096; x_wconf 70' lang='grc' dir='ltr'>ἃ</span> <span class='ocrx_word' id='word_1_105' title='bbox 1581 1055 1688 1096; x_wconf 90' lang='lat' dir='ltr'>Cor-</span> 
     </span>
     <span class='ocr_line' id='line_1_15' title="bbox 435 1124 1688 1181; baseline -0.002 -14"><span class='ocrx_word' id='word_1_106' title='bbox 435 1128 530 1181; x_wconf 88' lang='lat' dir='ltr'>pori</span> <span class='ocrx_word' id='word_1_107' title='bbox 563 1133 732 1180; x_wconf 85' lang='lat' dir='ltr'>praeest‚</span> <span class='ocrx_word' id='word_1_108' title='bbox 753 1140 850 1167; x_wconf 90' lang='lat' dir='ltr'>cum</span> <span class='ocrx_word' id='word_1_109' title='bbox 884 1139 972 1166; x_wconf 78' lang='lat' dir='ltr'>suae</span> <span class='ocrx_word' id='word_1_110' title='bbox 1007 1132 1173 1166; x_wconf 76' lang='lat' dir='ltr'>naturae</span> <span class='ocrx_word' id='word_1_111' title='bbox 1204 1125 1381 1174; x_wconf 87' lang='lat' dir='ltr'>facibus,</span> <span class='ocrx_word' id='word_1_112' title='bbox 1404 1124 1442 1165; x_wconf 84' lang='lat'>&amp;</span> <span class='ocrx_word' id='word_1_113' title='bbox 1471 1124 1688 1164; x_wconf 86' lang='lat' dir='ltr'>Amorum</span> 
     </span>
     <span class='ocr_line' id='line_1_16' title="bbox 437 1193 1690 1249; baseline -0.003 -13"><span class='ocrx_word' id='word_1_114' title='bbox 437 1196 668 1249; x_wconf 82' lang='lat' dir='ltr'>phalange,</span> <span class='ocrx_word' id='word_1_115' title='bbox 705 1195 826 1235; x_wconf 87' lang='lat' dir='ltr'>irruit</span> <span class='ocrx_word' id='word_1_116' title='bbox 867 1195 909 1235; x_wconf 91' lang='lat' dir='ltr'>in</span> <span class='ocrx_word' id='word_1_117' title='bbox 951 1194 1131 1243; x_wconf 87' lang='lat' dir='ltr'>Caelum,</span> <span class='ocrx_word' id='word_1_118' title='bbox 1172 1193 1210 1234; x_wconf 87' lang='lat'>&amp;</span> <span class='ocrx_word' id='word_1_119' title='bbox 1252 1193 1310 1234; x_wconf 89' lang='lat' dir='ltr'>ibi</span> <span class='ocrx_word' id='word_1_120' title='bbox 1351 1193 1551 1234; x_wconf 88' lang='lat' dir='ltr'>victricus</span> <span class='ocrx_word' id='word_1_121' title='bbox 1590 1206 1690 1233; x_wconf 89' lang='lat' dir='ltr'>suas</span> 
     </span>
     <span class='ocr_line' id='line_1_17' title="bbox 438 1261 1689 1317; baseline -0.003 -12"><span class='ocrx_word' id='word_1_122' title='bbox 438 1271 634 1305; x_wconf 84' lang='lat' dir='ltr'>catervas</span> <span class='ocrx_word' id='word_1_123' title='bbox 670 1264 874 1317; x_wconf 78' lang='lat' dir='ltr'>explicat,</span> <span class='ocrx_word' id='word_1_124' title='bbox 908 1263 946 1304; x_wconf 66' lang='lat'>81</span> <span class='ocrx_word' id='word_1_125' title='bbox 979 1264 1040 1303; x_wconf 89' lang='lat' dir='ltr'>sic</span> <span class='ocrx_word' id='word_1_126' title='bbox 1073 1276 1276 1315; x_wconf 86' lang='lat' dir='ltr'>suprema</span> <span class='ocrx_word' id='word_1_127' title='bbox 1308 1262 1534 1302; x_wconf 88' lang='lat' dir='ltr'>confundit</span> <span class='ocrx_word' id='word_1_128' title='bbox 1565 1261 1689 1311; x_wconf 89' lang='lat' dir='ltr'>imis;</span> 
     </span>
     <span class='ocr_line' id='line_1_18' title="bbox 437 1330 1688 1384; baseline -0.003 -11"><span class='ocrx_word' id='word_1_129' title='bbox 437 1333 539 1373; x_wconf 89' lang='lat' dir='ltr'>inde</span> <span class='ocrx_word' id='word_1_130' title='bbox 577 1333 740 1373; x_wconf 89' lang='lat' dir='ltr'>Mentis</span> <span class='ocrx_word' id='word_1_131' title='bbox 773 1345 923 1372; x_wconf 90' lang='lat' dir='ltr'>eorum</span> <span class='ocrx_word' id='word_1_132' title='bbox 958 1331 1174 1384; x_wconf 71' lang='lat' dir='ltr'>sphaeram</span> <span class='ocrx_word' id='word_1_133' title='bbox 1210 1336 1335 1371; x_wconf 88' lang='lat' dir='ltr'>tanta</span> <span class='ocrx_word' id='word_1_134' title='bbox 1367 1330 1569 1370; x_wconf 85' lang='lat' dir='ltr'>obfundit</span> <span class='ocrx_word' id='word_1_135' title='bbox 1596 1343 1688 1370; x_wconf 91' lang='lat' dir='ltr'>um-</span> 
     </span>
     <span class='ocr_line' id='line_1_19' title="bbox 435 1399 1689 1455; baseline -0.002 -13"><span class='ocrx_word' id='word_1_136' title='bbox 435 1403 514 1442; x_wconf 90' lang='lat' dir='ltr'>bra</span> <span class='ocrx_word' id='word_1_137' title='bbox 544 1402 612 1455; x_wconf 77' lang='lat' dir='ltr'>(b),</span> <span class='ocrx_word' id='word_1_138' title='bbox 643 1408 690 1442; x_wconf 93' lang='lat' dir='ltr'>ut</span> <span class='ocrx_word' id='word_1_139' title='bbox 724 1402 894 1442; x_wconf 91' lang='lat' dir='ltr'>somnia</span> <span class='ocrx_word' id='word_1_140' title='bbox 934 1414 1020 1441; x_wconf 91' lang='lat' dir='ltr'>non</span> <span class='ocrx_word' id='word_1_141' title='bbox 1059 1400 1171 1441; x_wconf 86' lang='lat' dir='ltr'>vitas</span> <span class='ocrx_word' id='word_1_142' title='bbox 1211 1400 1371 1449; x_wconf 86' lang='lat' dir='ltr'>vivant,</span> <span class='ocrx_word' id='word_1_143' title='bbox 1403 1399 1441 1440; x_wconf 86' lang='lat'>&amp;</span> <span class='ocrx_word' id='word_1_144' title='bbox 1476 1405 1689 1452; x_wconf 86' lang='lat' dir='ltr'>tanquam</span> 
     </span>
    </p>
   </div>
   <div class='ocr_carea' id='block_1_3' title="bbox 434 1532 1693 2351">
    <p class='ocr_par' dir='ltr' id='par_1_3' title="bbox 434 1532 1693 2351">
     <span class='ocr_line' id='line_1_20' title="bbox 488 1532 1691 1578; baseline -0.001 -11"><span class='ocrx_word' id='word_1_145' title='bbox 488 1533 531 1577; x_wconf 75' lang='lat' dir='ltr'>(b)</span> <span class='ocrx_word' id='word_1_146' title='bbox 561 1533 769 1578; x_wconf 79' lang='lat' dir='ltr'>Quomodo,</span> <span class='ocrx_word' id='word_1_147' title='bbox 787 1532 874 1566; x_wconf 86' lang='lat' dir='ltr'>dum</span> <span class='ocrx_word' id='word_1_148' title='bbox 892 1532 1082 1567; x_wconf 89' lang='lat' dir='ltr'>invertitur</span> <span class='ocrx_word' id='word_1_149' title='bbox 1100 1532 1213 1574; x_wconf 89' lang='lat' dir='ltr'>Ordo,</span> <span class='ocrx_word' id='word_1_150' title='bbox 1234 1532 1353 1567; x_wconf 85' lang='lat' dir='ltr'>Menti</span> <span class='ocrx_word' id='word_1_151' title='bbox 1378 1532 1612 1567; x_wconf 84' lang='lat' dir='ltr'>intellectuali</span> <span class='ocrx_word' id='word_1_152' title='bbox 1638 1532 1691 1566; x_wconf 89' lang='lat' dir='ltr'>in-</span> 
     </span>
     <span class='ocr_line' id='line_1_21' title="bbox 438 1587 1693 1632; baseline -0.003 -8"><span class='ocrx_word' id='word_1_153' title='bbox 438 1589 581 1624; x_wconf 85' lang='lat' dir='ltr'>ducitur</span> <span class='ocrx_word' id='word_1_154' title='bbox 606 1589 746 1631; x_wconf 83' lang='lat' dir='ltr'>umbra,</span> <span class='ocrx_word' id='word_1_155' title='bbox 764 1599 808 1622; x_wconf 87' lang='lat' dir='ltr'>ex</span> <span class='ocrx_word' id='word_1_156' title='bbox 833 1588 921 1632; x_wconf 88' lang='lat' dir='ltr'>ipsis</span> <span class='ocrx_word' id='word_1_157' title='bbox 948 1587 1017 1621; x_wconf 87' lang='lat' dir='ltr'>illis</span> <span class='ocrx_word' id='word_1_158' title='bbox 1035 1587 1234 1632; x_wconf 86' lang='lat' dir='ltr'>principiis,</span> <span class='ocrx_word' id='word_1_159' title='bbox 1250 1598 1360 1631; x_wconf 86' lang='lat' dir='ltr'>supra</span> <span class='ocrx_word' id='word_1_160' title='bbox 1377 1598 1411 1621; x_wconf 88' lang='lat' dir='ltr'>n.</span> <span class='ocrx_word' id='word_1_161' title='bbox 1431 1595 1485 1631; x_wconf 83' lang='lat'>95,</span> <span class='ocrx_word' id='word_1_162' title='bbox 1504 1587 1693 1631; x_wconf 80' lang='lat' dir='ltr'>expositis,</span> 
     </span>
     <span class='ocr_line' id='line_1_22' title="bbox 437 1642 1691 1689; baseline -0.002 -10"><span class='ocrx_word' id='word_1_163' title='bbox 437 1645 486 1679; x_wconf 88' lang='lat' dir='ltr'>ad</span> <span class='ocrx_word' id='word_1_164' title='bbox 504 1650 652 1689; x_wconf 81' lang='lat' dir='ltr'>captum</span> <span class='ocrx_word' id='word_1_165' title='bbox 670 1642 912 1678; x_wconf 90' lang='lat' dir='ltr'>demonstrari</span> <span class='ocrx_word' id='word_1_166' title='bbox 930 1648 1049 1687; x_wconf 87' lang='lat' dir='ltr'>potest</span> <span class='ocrx_word' id='word_1_167' title='bbox 1068 1655 1075 1683; x_wconf 92' lang='lat'>;</span> <span class='ocrx_word' id='word_1_168' title='bbox 1101 1649 1185 1677; x_wconf 90' lang='lat' dir='ltr'>sunt</span> <span class='ocrx_word' id='word_1_169' title='bbox 1203 1643 1311 1686; x_wconf 90' lang='lat' dir='ltr'>enim,</span> <span class='ocrx_word' id='word_1_170' title='bbox 1331 1642 1424 1676; x_wconf 87' lang='lat' dir='ltr'>sicut</span> <span class='ocrx_word' id='word_1_171' title='bbox 1449 1642 1498 1676; x_wconf 91' lang='lat' dir='ltr'>ibi</span> <span class='ocrx_word' id='word_1_172' title='bbox 1516 1642 1691 1676; x_wconf 84' lang='lat' dir='ltr'>traditum</span> 
     </span>
     <span class='ocr_line' id='line_1_23' title="bbox 435 1697 1691 1744; baseline -0.004 -9"><span class='ocrx_word' id='word_1_173' title='bbox 435 1707 502 1744; x_wconf 84' lang='lat' dir='ltr'>est,</span> <span class='ocrx_word' id='word_1_174' title='bbox 521 1701 611 1734; x_wconf 90' lang='lat' dir='ltr'>Tres</span> <span class='ocrx_word' id='word_1_175' title='bbox 644 1700 799 1741; x_wconf 84' lang='lat' dir='ltr'>Formae,</span> <span class='ocrx_word' id='word_1_176' title='bbox 817 1709 899 1743; x_wconf 83' lang='lat' dir='ltr'>quae</span> <span class='ocrx_word' id='word_1_177' title='bbox 926 1697 995 1732; x_wconf 87' lang='lat' dir='ltr'>sibi</span> <span class='ocrx_word' id='word_1_178' title='bbox 1021 1704 1147 1732; x_wconf 88' lang='lat' dir='ltr'>mutuo</span> <span class='ocrx_word' id='word_1_179' title='bbox 1174 1698 1386 1740; x_wconf 87' lang='lat' dir='ltr'>succedunt,</span> <span class='ocrx_word' id='word_1_180' title='bbox 1404 1708 1477 1731; x_wconf 89' lang='lat' dir='ltr'>una</span> <span class='ocrx_word' id='word_1_181' title='bbox 1501 1708 1611 1741; x_wconf 85' lang='lat' dir='ltr'>supra</span> <span class='ocrx_word' id='word_1_182' title='bbox 1627 1704 1691 1731; x_wconf 88' lang='lat' dir='ltr'>aut</span> 
     </span>
     <span class='ocr_line' id='line_1_24' title="bbox 438 1752 1690 1798; baseline -0.003 -9"><span class='ocrx_word' id='word_1_183' title='bbox 438 1756 535 1789; x_wconf 86' lang='lat' dir='ltr'>intra</span> <span class='ocrx_word' id='word_1_184' title='bbox 557 1755 721 1797; x_wconf 87' lang='lat' dir='ltr'>alteram,</span> <span class='ocrx_word' id='word_1_185' title='bbox 745 1753 884 1788; x_wconf 89' lang='lat' dir='ltr'>scilicet</span> <span class='ocrx_word' id='word_1_186' title='bbox 907 1752 1035 1787; x_wconf 87' lang='lat' dir='ltr'>intime</span> <span class='ocrx_word' id='word_1_187' title='bbox 1062 1753 1349 1798; x_wconf 84' lang='lat' dir='ltr'>Supracaelestis,</span> <span class='ocrx_word' id='word_1_188' title='bbox 1368 1752 1585 1786; x_wconf 87' lang='lat' dir='ltr'>intermedie</span> <span class='ocrx_word' id='word_1_189' title='bbox 1610 1753 1690 1786; x_wconf 85' lang='lat' dir='ltr'>Cae-</span> 
     </span>
     <span class='ocr_line' id='line_1_25' title="bbox 436 1807 1690 1854; baseline -0.002 -10"><span class='ocrx_word' id='word_1_190' title='bbox 436 1811 550 1854; x_wconf 88' lang='lat' dir='ltr'>lestis,</span> <span class='ocrx_word' id='word_1_191' title='bbox 569 1810 601 1844; x_wconf 86' lang='lat'>&amp;</span> <span class='ocrx_word' id='word_1_192' title='bbox 624 1809 779 1844; x_wconf 90' lang='lat' dir='ltr'>exterius</span> <span class='ocrx_word' id='word_1_193' title='bbox 804 1808 1073 1851; x_wconf 81' lang='lat' dir='ltr'>Infracaelestis‚</span> <span class='ocrx_word' id='word_1_194' title='bbox 1092 1820 1155 1842; x_wconf 90' lang='lat' dir='ltr'>seu</span> <span class='ocrx_word' id='word_1_195' title='bbox 1175 1809 1354 1852; x_wconf 88' lang='lat' dir='ltr'>Suprema</span> <span class='ocrx_word' id='word_1_196' title='bbox 1371 1807 1548 1842; x_wconf 83' lang='lat' dir='ltr'>naturalis</span> <span class='ocrx_word' id='word_1_197' title='bbox 1566 1820 1574 1849; x_wconf 92' lang='lat'>;</span> <span class='ocrx_word' id='word_1_198' title='bbox 1602 1819 1690 1852; x_wconf 89' lang='lat' dir='ltr'>qua-</span> 
     </span>
     <span class='ocr_line' id='line_1_26' title="bbox 434 1862 1690 1908; baseline -0.002 -9"><span class='ocrx_word' id='word_1_199' title='bbox 434 1877 515 1900; x_wconf 90' lang='lat' dir='ltr'>rum</span> <span class='ocrx_word' id='word_1_200' title='bbox 535 1875 673 1908; x_wconf 87' lang='lat' dir='ltr'>omnes,</span> <span class='ocrx_word' id='word_1_201' title='bbox 688 1864 891 1899; x_wconf 90' lang='lat' dir='ltr'>secundum</span> <span class='ocrx_word' id='word_1_202' title='bbox 905 1864 1200 1908; x_wconf 78' lang='lat' dir='ltr'>descriptionem,</span> <span class='ocrx_word' id='word_1_203' title='bbox 1214 1864 1356 1907; x_wconf 89' lang='lat' dir='ltr'>Fibras,</span> <span class='ocrx_word' id='word_1_204' title='bbox 1368 1874 1434 1908; x_wconf 90' lang='lat' dir='ltr'>per</span> <span class='ocrx_word' id='word_1_205' title='bbox 1450 1862 1690 1897; x_wconf 87' lang='lat' dir='ltr'>eminentiam</span> 
     </span>
     <span class='ocr_line' id='line_1_27' title="bbox 434 1917 1689 1963; baseline -0.002 -8"><span class='ocrx_word' id='word_1_206' title='bbox 434 1921 486 1955; x_wconf 91' lang='lat' dir='ltr'>ita</span> <span class='ocrx_word' id='word_1_207' title='bbox 514 1920 644 1963; x_wconf 84' lang='lat' dir='ltr'>dictas,</span> <span class='ocrx_word' id='word_1_208' title='bbox 668 1919 879 1963; x_wconf 87' lang='lat' dir='ltr'>concipiunt</span> <span class='ocrx_word' id='word_1_209' title='bbox 909 1919 941 1953; x_wconf 70' lang='lat' dir='ltr'>Sc</span> <span class='ocrx_word' id='word_1_210' title='bbox 962 1918 1183 1961; x_wconf 84' lang='lat' dir='ltr'>excludunt;</span> <span class='ocrx_word' id='word_1_211' title='bbox 1209 1929 1252 1953; x_wconf 85' lang='lat' dir='ltr'>ex</span> <span class='ocrx_word' id='word_1_212' title='bbox 1273 1929 1427 1963; x_wconf 87' lang='lat' dir='ltr'>quarum</span> <span class='ocrx_word' id='word_1_213' title='bbox 1445 1917 1689 1961; x_wconf 88' lang='lat' dir='ltr'>consertione,</span> 
     </span>
     <span class='ocr_line' id='line_1_28' title="bbox 438 1972 1689 2020; baseline -0.003 -11"><span class='ocrx_word' id='word_1_214' title='bbox 438 1976 551 2010; x_wconf 88' lang='lat' dir='ltr'>Fibra</span> <span class='ocrx_word' id='word_1_215' title='bbox 567 1976 647 2020; x_wconf 87' lang='lat' dir='ltr'>ipsa</span> <span class='ocrx_word' id='word_1_216' title='bbox 665 1985 850 2019; x_wconf 89' lang='lat' dir='ltr'>corporea,</span> <span class='ocrx_word' id='word_1_217' title='bbox 869 1985 951 2019; x_wconf 81' lang='lat' dir='ltr'>quae</span> <span class='ocrx_word' id='word_1_218' title='bbox 971 1973 1186 2018; x_wconf 86' lang='lat' dir='ltr'>Lympham,</span> <span class='ocrx_word' id='word_1_219' title='bbox 1207 1973 1363 2018; x_wconf 86' lang='lat' dir='ltr'>Spiritus</span> <span class='ocrx_word' id='word_1_220' title='bbox 1381 1972 1565 2006; x_wconf 87' lang='lat' dir='ltr'>Animalis</span> <span class='ocrx_word' id='word_1_221' title='bbox 1582 1983 1689 2006; x_wconf 91' lang='lat' dir='ltr'>voca-</span> 
     </span>
     <span class='ocr_line' id='line_1_29' title="bbox 436 2028 1689 2075; baseline -0.004 -10"><span class='ocrx_word' id='word_1_222' title='bbox 436 2039 524 2075; x_wconf 88' lang='lat' dir='ltr'>tam,</span> <span class='ocrx_word' id='word_1_223' title='bbox 542 2031 652 2074; x_wconf 87' lang='lat' dir='ltr'>vehit,</span> <span class='ocrx_word' id='word_1_224' title='bbox 670 2029 910 2064; x_wconf 89' lang='lat' dir='ltr'>concinnatur</span> <span class='ocrx_word' id='word_1_225' title='bbox 926 2042 933 2070; x_wconf 90' lang='lat'>;</span> <span class='ocrx_word' id='word_1_226' title='bbox 951 2040 1039 2062; x_wconf 84' lang='lat' dir='ltr'>nam</span> <span class='ocrx_word' id='word_1_227' title='bbox 1058 2028 1170 2062; x_wconf 87' lang='lat' dir='ltr'>Fibra</span> <span class='ocrx_word' id='word_1_228' title='bbox 1185 2029 1368 2072; x_wconf 84' lang='lat' dir='ltr'>Corporea</span> <span class='ocrx_word' id='word_1_229' title='bbox 1386 2038 1449 2061; x_wconf 90' lang='lat' dir='ltr'>seu</span> <span class='ocrx_word' id='word_1_230' title='bbox 1466 2037 1600 2061; x_wconf 88' lang='lat' dir='ltr'>nervea</span> <span class='ocrx_word' id='word_1_231' title='bbox 1614 2038 1689 2061; x_wconf 91' lang='lat' dir='ltr'>non</span> 
     </span>
     <span class='ocr_line' id='line_1_30' title="bbox 434 2081 1687 2131; baseline -0.004 -11"><span class='ocrx_word' id='word_1_232' title='bbox 434 2091 556 2131; x_wconf 87' lang='lat' dir='ltr'>potest</span> <span class='ocrx_word' id='word_1_233' title='bbox 574 2096 649 2118; x_wconf 92' lang='lat' dir='ltr'>non</span> <span class='ocrx_word' id='word_1_234' title='bbox 666 2090 784 2118; x_wconf 87' lang='lat' dir='ltr'>ortum</span> <span class='ocrx_word' id='word_1_235' title='bbox 803 2094 908 2117; x_wconf 90' lang='lat' dir='ltr'>suum</span> <span class='ocrx_word' id='word_1_236' title='bbox 932 2084 1075 2118; x_wconf 84' lang='lat' dir='ltr'>trahere</span> <span class='ocrx_word' id='word_1_237' title='bbox 1100 2094 1122 2116; x_wconf 88' lang='lat' dir='ltr'>a</span> <span class='ocrx_word' id='word_1_238' title='bbox 1146 2082 1348 2127; x_wconf 88' lang='lat' dir='ltr'>purissimis</span> <span class='ocrx_word' id='word_1_239' title='bbox 1373 2081 1465 2124; x_wconf 84' lang='lat' dir='ltr'>aliis,</span> <span class='ocrx_word' id='word_1_240' title='bbox 1484 2092 1566 2126; x_wconf 80' lang='lat' dir='ltr'>quae</span> <span class='ocrx_word' id='word_1_241' title='bbox 1591 2082 1687 2126; x_wconf 86' lang='lat' dir='ltr'>puri-</span> 
     </span>
     <span class='ocr_line' id='line_1_31' title="bbox 435 2136 1686 2183; baseline -0.003 -8"><span class='ocrx_word' id='word_1_242' title='bbox 435 2152 518 2176; x_wconf 91' lang='lat' dir='ltr'>ores</span> <span class='ocrx_word' id='word_1_243' title='bbox 537 2139 739 2181; x_wconf 67' lang='lat' dir='ltr'>Essenffias,</span> <span class='ocrx_word' id='word_1_244' title='bbox 757 2150 868 2183; x_wconf 86' lang='lat' dir='ltr'>quam</span> <span class='ocrx_word' id='word_1_245' title='bbox 894 2139 1012 2183; x_wconf 86' lang='lat' dir='ltr'>qualis</span> <span class='ocrx_word' id='word_1_246' title='bbox 1039 2144 1093 2172; x_wconf 91' lang='lat' dir='ltr'>est</span> <span class='ocrx_word' id='word_1_247' title='bbox 1121 2138 1276 2183; x_wconf 89' lang='lat' dir='ltr'>Spiritus</span> <span class='ocrx_word' id='word_1_248' title='bbox 1301 2136 1483 2179; x_wconf 89' lang='lat' dir='ltr'>animalis,</span> <span class='ocrx_word' id='word_1_249' title='bbox 1501 2137 1686 2171; x_wconf 87' lang='lat' dir='ltr'>transmit-</span> 
     </span>
     <span class='ocr_line' id='line_1_32' title="bbox 434 2191 1687 2240; baseline -0.004 -10"><span class='ocrx_word' id='word_1_250' title='bbox 434 2202 539 2237; x_wconf 88' lang='lat' dir='ltr'>tunt;</span> <span class='ocrx_word' id='word_1_251' title='bbox 567 2206 649 2240; x_wconf 84' lang='lat' dir='ltr'>quae</span> <span class='ocrx_word' id='word_1_252' title='bbox 679 2194 861 2228; x_wconf 80' lang='lat' dir='ltr'>Essentiae</span> <span class='ocrx_word' id='word_1_253' title='bbox 891 2205 965 2227; x_wconf 90' lang='lat' dir='ltr'>non</span> <span class='ocrx_word' id='word_1_254' title='bbox 992 2193 1074 2227; x_wconf 80' lang='lat' dir='ltr'>aliae</span> <span class='ocrx_word' id='word_1_255' title='bbox 1095 2198 1232 2237; x_wconf 89' lang='lat' dir='ltr'>queunt</span> <span class='ocrx_word' id='word_1_256' title='bbox 1254 2202 1345 2235; x_wconf 89' lang='lat' dir='ltr'>esse,</span> <span class='ocrx_word' id='word_1_257' title='bbox 1365 2202 1476 2236; x_wconf 87' lang='lat' dir='ltr'>quam</span> <span class='ocrx_word' id='word_1_258' title='bbox 1494 2191 1646 2234; x_wconf 69' lang='lat' dir='ltr'>Vstales,</span> <span class='ocrx_word' id='word_1_259' title='bbox 1664 2202 1687 2226; x_wconf 88' lang='lat' dir='ltr'>a</span> 
     </span>
     <span class='ocr_line' id='line_1_33' title="bbox 435 2246 1687 2296; baseline -0.003 -12"><span class='ocrx_word' id='word_1_260' title='bbox 435 2251 568 2296; x_wconf 86' lang='lat' dir='ltr'>quibus</span> <span class='ocrx_word' id='word_1_261' title='bbox 598 2250 677 2295; x_wconf 91' lang='lat' dir='ltr'>ipse</span> <span class='ocrx_word' id='word_1_262' title='bbox 705 2249 764 2283; x_wconf 91' lang='lat' dir='ltr'>ille</span> <span class='ocrx_word' id='word_1_263' title='bbox 796 2249 951 2293; x_wconf 89' lang='lat' dir='ltr'>Spiritus</span> <span class='ocrx_word' id='word_1_264' title='bbox 977 2249 1089 2283; x_wconf 83' lang='lat' dir='ltr'>vitam</span> <span class='ocrx_word' id='word_1_265' title='bbox 1121 2259 1225 2282; x_wconf 85' lang='lat' dir='ltr'>suam</span> <span class='ocrx_word' id='word_1_266' title='bbox 1251 2247 1376 2289; x_wconf 90' lang='lat' dir='ltr'>ducit;</span> <span class='ocrx_word' id='word_1_267' title='bbox 1404 2246 1586 2281; x_wconf 82' lang='lat' dir='ltr'>Essentiae</span> <span class='ocrx_word' id='word_1_268' title='bbox 1615 2246 1687 2280; x_wconf 84' lang='lat' dir='ltr'>illae</span> 
     </span>
     <span class='ocr_line' id='line_1_34' title="bbox 435 2304 1687 2351; baseline -0.003 -9"><span class='ocrx_word' id='word_1_269' title='bbox 435 2306 576 2350; x_wconf 85' lang='lat' dir='ltr'>vitales,</span> <span class='ocrx_word' id='word_1_270' title='bbox 604 2315 673 2341; x_wconf 90' lang='lat' dir='ltr'>nec</span> <span class='ocrx_word' id='word_1_271' title='bbox 702 2311 855 2351; x_wconf 87' lang='lat' dir='ltr'>possunt</span> <span class='ocrx_word' id='word_1_272' title='bbox 884 2315 959 2339; x_wconf 90' lang='lat' dir='ltr'>non</span> <span class='ocrx_word' id='word_1_273' title='bbox 989 2304 1142 2340; x_wconf 85' lang='lat' dir='ltr'>totidem</span> <span class='ocrx_word' id='word_1_274' title='bbox 1171 2313 1323 2338; x_wconf 88' lang='lat' dir='ltr'>numero</span> <span class='ocrx_word' id='word_1_275' title='bbox 1356 2312 1450 2346; x_wconf 87' lang='lat' dir='ltr'>esse,</span> <span class='ocrx_word' id='word_1_276' title='bbox 1480 2307 1568 2347; x_wconf 91' lang='lat' dir='ltr'>quot</span> <span class='ocrx_word' id='word_1_277' title='bbox 1603 2308 1687 2338; x_wconf 88' lang='lat' dir='ltr'>sunt</span> 
     </span>
    </p>
   </div>
   <div class='ocr_carea' id='block_1_4' title="bbox 1802 0 1835 2672">
    <p class='ocr_par' dir='ltr' id='par_1_4' title="bbox 1802 0 1835 2672">
     <span class='ocr_line' id='line_1_35' title="bbox 1802 0 1835 2672; baseline 0 0"><span class='ocrx_word' id='word_1_278' title='bbox 1802 0 1835 2672; x_wconf 95' lang='lat' dir='ltr'> </span> 
     </span>
    </p>
   </div>
  </div>
 </body>
</html>
