1783 2760
406 170 484 223 DE
516 170 788 204 INFANTJA
826 171 1208 205 PRJMOGENJTJ.
1390 171 1432 216 63

180 270 283 315 erat,
309 265 377 305 cui
409 265 575 305 Anima
606 265 799 305 habenas
830 266 964 318 ipsius
998 267 1202 319 Corporis
1235 267 1436 313 traderet,

179 334 284 374 dum
322 334 415 386 ipsa
450 334 542 386 ejus
573 339 738 374 naturae
771 334 944 374 ordines
976 342 1154 388 regeret.
1227 337 1436 388 Jamdum

181 403 306 450 enim,
323 403 379 442 ob
397 403 616 455 provisum
633 402 725 454 ejus
740 402 991 452 adventum,
1010 417 1065 443 ex
1084 405 1223 456 primo
1239 405 1436 450 stamine,

181 470 424 524 Olympum
447 470 567 510 illum
590 471 790 523 signavit,
815 470 852 511 81
876 471 917 510 in
949 485 1012 519 eo,
1035 472 1145 512 sicut
1174 473 1215 511 in
1245 473 1437 513 sacrifica

180 540 285 587 aede,
329 539 410 579 tria
450 539 656 579 instruxit
700 539 955 588 Penetralia,
996 553 1180 591 quorum
1220 541 1435 586 intimum,

180 607 384 658 Adytum
408 608 583 656 dictum,
600 607 694 660 ipsa
716 607 893 656 Anima,
909 613 1121 660 tanquam
1145 608 1346 648 Munduli
1370 610 1435 649 sui

181 676 307 723 Diva,
351 689 400 715 ac
442 676 665 728 utriusque
713 675 819 717 Caeli
862 675 1012 725 incola,
1055 676 1136 716 sibi
1178 678 1437 727 reservavit;

179 744 363 784 alterum
387 758 498 793 vero,
524 744 769 785 Sacrarium
797 750 1107 797 nuncupatum,
1131 745 1438 799 Intelligentiis

181 814 223 853 in
253 814 396 855 Unam
426 813 615 853 Mentem
646 814 788 862 unitis
813 819 859 853 ut
888 813 1111 866 proprium
1135 814 1320 864 dicavit;
1354 822 1438 855 ter-

179 882 290 922 tium
314 888 472 930 autem,
496 882 605 922 sicut
634 881 824 931 Atrium,
848 881 1052 922 Scientiis
1080 896 1178 922 cum
1207 884 1294 923 suis
1316 884 1440 924 Veri-

180 949 345 989 tatibus
368 949 605 989 concessit:
640 962 736 988 eam
764 949 909 997 etiam,
931 955 1032 988 ante
1061 948 1248 989 reclusas
1277 957 1437 1003 portas,

182 1018 365 1057 sancivit
406 1017 559 1069 legem,
597 1022 645 1057 ut
687 1016 903 1065 Scientiae,
940 1018 1050 1057 sicut
1091 1018 1278 1067 famulae,
1320 1020 1438 1059 omni

184 1086 579 1139 Intelligentiarum
615 1086 761 1125 studio
792 1085 1077 1136 asservirent;
1129 1087 1440 1140 Intelligentiae

181 1169 294 1203 vero,
323 1154 514 1206 quadam
547 1153 754 1206 religione
785 1154 1016 1201 obstrictae,
1047 1154 1224 1195 Animae
1256 1169 1356 1201 suae,
1391 1163 1439 1196 ut

185 1224 379 1265 Summae
404 1223 654 1275 Imperanti,
679 1223 840 1275 primas
869 1222 1119 1270 tribuerent,
1145 1223 1181 1263 &
1214 1223 1318 1264 dum
1351 1227 1439 1265 suis

183 1291 342 1339 officiis,
368 1290 459 1342 ejus
482 1291 613 1330 etiam
637 1290 777 1339 saluti,
799 1290 1035 1342 operandO,
1059 1290 1262 1331 faverent.
1318 1292 1440 1332 Talis

183 1365 274 1400 erat
296 1358 549 1411 designatio,
574 1358 649 1398 sed
679 1359 898 1411 temporis.
922 1365 970 1399 ut
1001 1365 1291 1408 nascerentur,
1314 1360 1440 1399 dum-

182 1442 266 1481 que
288 1427 567 1474 adoleverint,
586 1428 695 1467 sicut
718 1440 901 1479 sponsae,
916 1427 958 1466 in
981 1426 1060 1467 hos
1078 1441 1178 1467 suos
1195 1428 1439 1480 penetrales

182 1496 409 1544 thalamos,
425 1495 811 1535 introducerentur.
856 1495 959 1548 Ipsa
973 1495 1087 1535 enim
1101 1494 1278 1543 Anima,
1297 1497 1439 1549 Regni

182 1565 246 1604 sui
283 1564 418 1613 clavo,
448 1563 551 1611 sola,
586 1564 752 1616 absque
786 1563 945 1603 vicaria
981 1577 1058 1616 per
1093 1563 1204 1604 hanc
1241 1565 1439 1619 Mentem

183 1632 573 1680 administratione,
589 1632 796 1680 assidens,
814 1631 919 1671 nihil
942 1632 1087 1684 potuit
1104 1632 1224 1682 velle,
1241 1634 1320 1673 nisi
1346 1634 1441 1686 ipso

182 1701 276 1747 fine,
313 1715 370 1741 ex
407 1715 484 1741 sua
519 1701 789 1748 necessitate,
824 1701 1093 1752 imperante;
1135 1701 1194 1740 ita
1231 1708 1322 1741 erat
1359 1703 1440 1742 sub

184 1770 318 1823 ipsius
368 1769 464 1809 finis
505 1768 727 1820 obsequio,
770 1782 858 1807 non
899 1774 1047 1808 autem
1089 1768 1185 1808 finis
1226 1770 1306 1809 sub
1347 1770 1440 1822 ejus

184 1839 386 1879 arbitrio:
438 1838 548 1879 Cum
571 1851 647 1889 per
670 1837 856 1877 Infantis
879 1837 943 1876 sui
972 1836 1119 1876 oculos
1146 1838 1440 1878 amaenissima

185 1907 378 1947 Paradisi
401 1905 605 1955 Theatra,
630 1919 715 1945 non
737 1904 987 1944 harmonias
1017 1905 1096 1945 nisi
1119 1919 1196 1958 per
1218 1907 1441 1953 utilitates,

185 1975 224 2015 δε
252 1975 330 2015 has
361 1975 535 2028 penitus
564 1973 637 2013 fini
667 1973 822 2013 ultimo
851 1972 1078 2023 involutas,
1102 1974 1139 2014 &
1169 1974 1295 2014 simul
1323 1977 1440 2027 quod

185 2033 227 2083 in
257 2057 346 2083 rem
375 2043 439 2083 sui
470 2043 674 2095 Corporis
704 2042 1012 2090 conducerent,
1035 2042 1311 2083 intuebatur:
1340 2057 1439 2083 cum

184 2126 285 2152 vero
320 2125 366 2152 se
395 2125 544 2152 versus
578 2110 745 2152 Caelum
783 2110 981 2160 elevaret,
1014 2110 1101 2150 fere
1138 2113 1201 2151 sui
1238 2111 1442 2164 Corporis

184 2180 331 2230 oblita,
369 2179 461 2232 ejus
497 2179 534 2219 ἃ
571 2186 753 2219 suaemet
795 2185 960 2218 naturae
1000 2193 1155 2231 operas
1191 2180 1445 2220 deserebat:

186 2248 448 2301 quandoque
463 2248 594 2288 etiam
611 2248 683 2287 illa
697 2261 878 2294 sursum,
894 2261 1049 2299 corpus
1065 2254 1210 2287 autem
1228 2249 1443 2297 deorsum,

187 2317 294 2366 ferri,
320 2317 357 2357 δι
379 2317 583 2370 quicquid
606 2316 765 2355 inesset
788 2314 825 2355 ἃ
856 2322 1146 2356 remoraretur
1166 2322 1395 2366 terrenum,
1418 2330 1443 2356 a

801 2393 827 2423 F
