1783 2760
450 186 528 219 DE
568 185 785 220 VJVARJO
818 186 1095 222 PARADJSJ.
1362 198 1406 233 29

201 293 266 335 23.
301 282 389 324 Sed
412 282 631 336 magnifici
654 283 696 323 hi
729 290 918 336 paratus,
939 285 1055 324 unde
1084 298 1237 325 omnes
1266 287 1405 339 copiae

142 352 380 392 manabant
403 352 458 391 ad
481 352 670 404 plenum,
687 365 774 392 non
796 358 920 393 erant
941 353 1005 392 sui
1028 354 1182 406 gratia,
1200 354 1404 406 Regnum

141 419 286 464 adhuc
308 426 540 460 venturum
563 426 654 460 erat
679 434 737 460 ex
765 420 868 461 solis
896 421 1120 462 Animatis
1148 424 1403 470 consistens,

142 488 260 541 quod
301 487 367 528 his
404 489 446 528 in
484 488 702 528 luxuriem
741 488 977 529 fluentibus
1012 489 1137 529 bonis
1174 490 1402 531 fruiturum

141 563 281 596 esset:
306 556 398 608 jam
422 557 554 596 etiam
577 556 771 598 instabat
793 564 980 610 tempus,
995 564 1042 598 ut
1064 558 1325 599 Animantia
1347 560 1400 599 ad

140 624 218 664 has
268 624 579 677 amplitudines
631 626 1021 667 introducerentur.
1103 627 1260 667 Nullus
1312 635 1404 668 erat

141 693 299 741 fruteX,
331 692 368 733 &
403 707 456 733 ne
490 693 668 746 quidem
698 693 861 743 solium,
895 701 971 735 aut
1002 695 1207 735 minimus
1236 703 1403 736 naturze

140 762 330 811 effectus,
350 763 422 814 qui
445 775 530 802 non
554 762 595 801 in
619 776 665 802 se
688 762 879 815 aliquem
902 763 1143 815 respirabat
1166 778 1304 814 usum,
1325 778 1403 805 nec

141 831 282 871 solum
312 831 534 884 proprium
563 845 642 884 pro
676 846 722 871 se
751 832 790 872 &
819 846 899 872 suo
927 846 1059 882 ramo,
1089 834 1166 873 sed
1196 834 1329 873 etiam
1360 834 1402 874 in

141 900 286 952 specie
308 899 497 952 aliquem
522 914 599 953 pro
621 902 699 940 sua
716 901 861 953 stirpe,
878 900 915 940 ἃ
932 902 1108 953 insuper
1124 915 1402 942 communem

141 982 219 1022 pro
244 969 443 1009 universa
473 968 675 1009 Tellure:
708 969 796 1009 imo
825 969 968 1010 adhuc
996 970 1294 1011 sublimiorem
1324 985 1403 1024 pro

143 1038 300 1090 Regno
338 1037 505 1076 Anima
543 1038 722 1087 victuro,
760 1039 827 1078 cui
869 1051 1022 1078 omnes
1064 1039 1125 1078 illi
1163 1053 1265 1079 usus
1306 1040 1402 1080 usui

143 1106 443 1158 multipliciter
463 1106 680 1147 cederent.

200 1186 265 1224 24.
298 1175 366 1214 Ita
389 1174 431 1214 in
455 1175 696 1227 unoquovis
719 1175 934 1227 producto
956 1190 1030 1216 seu
1059 1175 1228 1225 effectu,
1251 1176 1403 1217 intime

141 1243 354 1296 regnabat
377 1256 489 1291 usuS,
513 1244 624 1283 sicut
646 1243 811 1284 Anima
838 1244 880 1283 in
908 1258 986 1284 suo
1016 1244 1208 1297 Corpore
1231 1262 1238 1286 ;
1269 1260 1403 1298 quare

140 1313 184 1351 in
218 1311 399 1364 singulis
430 1311 659 1364 Vegetatis
693 1312 857 1365 aliquid
890 1313 1080 1365 penitius
1115 1314 1254 1364 latuit,
1283 1328 1402 1355 curn-

140 1380 291 1433 primis
317 1381 359 1420 in
390 1381 552 1420 naturis
582 1381 809 1430 seminum,
833 1382 950 1434 quod
979 1396 1035 1421 ex
1069 1382 1232 1422 intimis
1260 1397 1310 1423 ea
1339 1384 1403 1423 in—

140 1449 300 1497 citavit,
338 1454 385 1488 ut
422 1448 599 1500 aliquod
636 1463 810 1499 novum,
847 1451 978 1490 etiam
1013 1464 1070 1490 ex
1104 1453 1269 1491 semine
1302 1466 1403 1492 con-

141 1524 331 1569 ceptum,
371 1516 410 1557 &
450 1518 612 1569 pariter
652 1532 709 1557 ex
751 1532 836 1558 ovo
873 1519 1106 1567 enisurum,
1141 1527 1400 1571 nasceretur,

141 1586 303 1625 scilicet
324 1584 422 1635 tale,
445 1586 562 1638 quod
587 1586 691 1626 dum
715 1589 883 1635 natura,
907 1588 1039 1627 etiam
1062 1589 1162 1634 vita,
1182 1595 1341 1641 ageret,
1360 1590 1402 1629 in

141 1654 262 1706 cujus
296 1667 386 1694 rem
424 1660 499 1694 aut
535 1654 770 1694 utilitatem
805 1657 946 1695 omnis
982 1655 1074 1696 haec
1111 1657 1403 1698 redundantia

141 1723 386 1763 deserviret.
449 1723 717 1775 Unaquzevis
741 1724 888 1776 itaque
910 1725 1145 1777 Vegetatio
1164 1725 1256 1777 jam
1278 1727 1401 1779 quasi

140 1791 370 1844 gestiebat,
406 1790 499 1831 haec
534 1805 647 1831 nova
683 1793 830 1832 ovaria
867 1807 1039 1846 ponere,
1077 1794 1232 1833 eadem
1273 1809 1401 1835 succo

142 1860 345 1900 electibili
387 1874 444 1900 ex
488 1859 680 1900 medulla
723 1874 899 1900 suorum
942 1862 1159 1901 seminum
1201 1869 1402 1904 extracto

141 1929 332 1981 replere;
364 1928 457 1968 haec
490 1929 591 1968 dein
626 1928 718 1969 Soli
753 1943 987 1982 exponere,
1010 1930 1047 1970 &
1081 1931 1173 1983 ejus
1206 1933 1402 1984 apricum

142 1997 254 2037 foliis
282 1998 369 2037 suis
398 1997 627 2047 umbrare;
662 1997 699 2037 ἃ
729 1998 1012 2049 postmodum
1044 2000 1145 2039 inde
1172 2000 1401 2041 exclusum

140 2066 293 2106 tollere
321 2065 359 2105 &
390 2066 535 2105 fovere
564 2065 732 2115 foetum,
765 2066 890 2118 eique
921 2067 1097 2107 mollem
1126 2069 1403 2110 substernere

141 2141 296 2181 torum,
307 2148 356 2174 ac
371 2141 535 2174 struere
549 2148 921 2187 penum,eumque
932 2149 988 2175 ex
1003 2150 1178 2176 suarum
1193 2152 1402 2178 venarum

142 2203 265 2250 lacte,
291 2202 329 2243 ἃ
351 2202 555 2242 fibrarum
579 2204 702 2255 quasi
732 2203 895 2256 spiritu,
918 2204 1044 2254 alere,
1069 2218 1147 2245 nec
1175 2213 1402 2258 parentem

143 2272 429 2311 intermittere
451 2284 613 2319 curam,
636 2285 767 2323 quam
792 2272 826 2311 is
847 2271 1097 2322 adoleverit,
1123 2273 1160 2313 ἃ
1189 2275 1402 2326 potuisset

144 2340 289 2379 stratis
320 2353 394 2380 seu
429 2339 540 2379 nidis
572 2340 660 2380 suis
693 2340 876 2389 exsilire,
915 2340 953 2381 ἃ
988 2341 1143 2381 iterum
1182 2343 1237 2382 ad
1271 2342 1402 2383 ubera
