1835 2672
373 127 417 161 88
585 105 767 161 CAPUT
796 126 1113 171 SECUNDUM,
1146 125 1341 160 SECTJO
1372 126 1425 161 II.

374 238 431 264 ex
455 224 548 277 ipsa
571 224 774 265 Bonitate
794 224 1011 277 pervideo,
1034 238 1135 264 nam
1158 237 1203 264 se
1225 224 1262 264 ei
1288 224 1489 276 inaptant
1515 222 1625 264 sicut

374 294 571 334 membra
591 294 763 334 cuidam
786 294 953 346 corpori
972 308 981 334 ;
1011 294 1172 346 quippe
1193 293 1412 333 Veritates
1440 306 1497 333 ex
1518 292 1627 332 serie

372 363 678 415 progrediente
727 363 981 402 Bonitatum
1031 362 1136 402 mihi
1175 362 1378 402 videntur
1416 361 1626 401 sormatae.

376 431 506 479 Usus,
541 431 614 484 qui
647 430 702 471 ad
737 431 984 470 fruitionem
1017 430 1265 470 bonitatum
1298 430 1497 479 tendunt,
1526 435 1627 469 sunt

372 498 505 539 veluti
537 499 726 548 Animae,
755 512 829 539 seu
860 499 966 538 fines
993 499 1036 538 in
1070 499 1246 548 Anima,
1274 499 1346 551 qui
1381 512 1438 538 ex
1472 503 1628 538 natura

372 568 454 608 sibi
490 574 676 608 evocant
711 569 868 620 copias,
898 568 1054 620 quibus
1090 567 1171 607 sibi
1208 567 1402 620 effigient
1436 567 1626 619 speciem

376 637 592 690 Corporis,
616 651 692 690 per
722 650 866 689 quam,
896 650 941 676 se
973 636 1011 676 ἃ
1043 638 1198 676 iterum
1228 650 1329 676 suos
1363 649 1474 684 usus,
1495 648 1627 688 expe·

373 705 496 745 diant
520 706 557 746 8:
579 706 850 758 expandant,
868 712 915 745 ut
938 705 1023 745 sint
1046 705 1244 755 effectus;
1275 718 1377 745 nam
1400 717 1487 744 non
1509 705 1627 757 prius

373 780 474 814 sunt
496 775 538 814 in
561 775 647 814 suis
670 774 829 822 usibus,
852 787 985 826 quam
1013 774 1055 813 in
1077 773 1312 823 effectibus,
1336 773 1434 813 ideo
1455 773 1560 813 dum
1583 773 1627 812 in

371 842 450 892 his,
469 850 571 883 sunt
588 844 631 883 in
648 844 811 896 seipsis,
828 850 875 883 ut
891 843 934 882 in
952 844 1038 883 suis
1056 842 1203 882 formis
1219 856 1227 890 ;
1256 843 1366 882 adeo
1383 848 1430 882 ut
1447 841 1627 882 effectus

372 912 459 952 sint
491 913 623 952 modo
653 926 755 952 usus
786 913 847 952 ita
878 899 1097 965 explicati,
1128 911 1166 951 ἃ
1198 912 1242 951 in
1273 917 1441 951 naturae
1468 924 1625 963 gyrum

372 981 540 1021 emissi:
573 994 705 1033 quare
727 987 828 1020 sunt
849 980 892 1020 hi
915 981 1190 1021 florescentes
1209 986 1398 1029 ornatus
1420 979 1525 1020 nihil
1545 980 1626 1020 nisi

371 1062 503 1102 quam
535 1056 729 1090 externae
762 1049 1168 1103 repraesentationes
1202 1061 1369 1098 usuum,
1397 1061 1494 1101 quae
1526 1048 1626 1089 ideo

371 1199 447 1222 non
472 1200 559 1223 vero
584 1189 632 1222 ab
657 1189 730 1223 alio
755 1188 944 1234 principio,
968 1200 1036 1224 nec
1061 1189 1109 1223 ab
1134 1189 1332 1231 intellectu,
1350 1188 1436 1234 quia
1461 1188 1627 1223 similiter

371 1251 458 1278 ante
484 1255 595 1289 quam
620 1251 705 1289 post
730 1244 808 1289 ejus
834 1245 1097 1289 perfectionem
1122 1245 1324 1287 afficimur;
1365 1244 1511 1278 Animae
1529 1244 1628 1278 enim

372 1300 468 1334 inest
486 1300 564 1344 ipse
582 1300 682 1342 ordo,
702 1300 787 1344 quia
801 1295 977 1334 ⁴excitavit
995 1300 1027 1334 ἃ
1045 1300 1137 1344 regit
1154 1300 1208 1334 sui
1235 1300 1407 1344 Corporis
1432 1301 1626 1343 Naturam,

372 1366 485 1400 quare
504 1355 553 1397 id,
570 1355 669 1399 quod
687 1355 805 1389 ordini
824 1355 1007 1398 convenit,
1025 1355 1144 1398 sentit,
1165 1355 1197 1389 ἃ
1218 1355 1459 1389 communiter
1476 1355 1625 1390 indicat.

376 1411 449 1445 Sed
471 1411 553 1454 hoc,
572 1410 671 1455 quod
694 1411 744 1444 ita
767 1411 1012 1453 connascitur,
1031 1417 1085 1445 est
1108 1411 1220 1444 modo
1243 1411 1388 1445 affectio
1412 1411 1626 1445 Bonitatum

372 1465 606 1508 naturalium,
632 1476 715 1510 quae
739 1472 815 1499 tam
841 1476 975 1500 crassae
1002 1472 1097 1507 sunt,
1115 1472 1154 1499 ut
1179 1466 1215 1499 in
1242 1477 1370 1500 sensus
1396 1472 1541 1500 nostros
1567 1477 1625 1500 ex-

372 1527 497 1556 ternos
516 1521 651 1555 cadant
667 1533 674 1554 :
702 1532 814 1566 quare
832 1521 904 1555 illae
922 1528 1099 1555 vocantur
1120 1521 1376 1565 Jucunditates
1402 1528 1464 1556 aut
1491 1522 1626 1557 Dulce-

373 1577 489 1611 dines.
541 1577 639 1620 Quin
658 1576 731 1610 imo
748 1577 829 1621 ipsa
852 1577 1065 1611 Animantia
1088 1588 1131 1611 ex
1154 1577 1241 1610 solis
1266 1577 1442 1611 Sensibus
1465 1577 1626 1621 capiunt,

373 1631 463 1676 quid
481 1631 649 1675 sanguini
668 1632 700 1665 δε
717 1631 801 1666 vitae
821 1632 963 1665 illorum
978 1632 1150 1676 corporis,
1165 1633 1351 1676 congruit3
1377 1639 1510 1667 norunt
1527 1633 1626 1667 enim

373 1699 417 1722 ex
436 1688 514 1721 solo
533 1687 668 1721 olfactu
687 1687 718 1721 δε
735 1694 855 1731 gustu,
873 1699 961 1720 num
978 1687 1191 1728 conveniat;
1218 1688 1292 1721 imo
1309 1687 1421 1722 etiam
1438 1698 1482 1722 ex
1498 1688 1625 1723 auditu

373 1742 407 1777 &
424 1743 516 1786 visu,
530 1742 591 1786 qui
610 1753 654 1776 ex
670 1742 926 1776 Animantium
943 1742 1081 1776 familia
1099 1743 1154 1776 sui
1172 1743 1295 1777 hostes
1314 1749 1376 1777 aut
1393 1743 1503 1777 amici
1521 1750 1625 1778 sunt:

373 1805 507 1832 norunt
530 1804 708 1842 praeterea
732 1798 883 1841 infinita,
903 1810 985 1843 quae
1011 1799 1090 1832 Nos
1114 1809 1179 1843 per
1201 1798 1372 1833 scientias
1396 1799 1503 1833 nobis
1527 1810 1625 1833 com-

373 1865 504 1898 parare
533 1853 736 1894 debemus;
774 1859 813 1887 ut
842 1853 961 1887 solum
990 1865 1033 1888 ex
1061 1855 1185 1898 Apum
1213 1854 1400 1897 regimine,
1430 1854 1625 1898 florilegiis,

373 1909 494 1950 favis3
528 1919 573 1942 ex
599 1908 828 1942 Aranearum
854 1909 946 1952 telis,
972 1909 1202 1953 Bombycum
1228 1909 1331 1953 liciis,
1356 1909 1490 1943 Avium
1516 1909 1625 1953 nidis,

376 1964 573 1998 Castorum
588 1963 830 2007 domunculis,
845 1964 919 1998 &va
936 1970 1108 2008 apparet:
1137 1964 1283 2007 Omnia,
1296 1964 1381 2008 quia
1395 1964 1625 2000 sensationes

374 2030 460 2054 suas
478 2030 552 2052 non
570 2018 618 2051 ad
638 2019 803 2052 Mentem
821 2019 1007 2063 quandam
1025 2019 1219 2053 veritatum
1233 2019 1509 2063 inquisitricem,
1523 2025 1625 2053 ante-

373 2085 486 2119 quam
510 2073 698 2107 Bonitates
721 2072 952 2117 investigent,
976 2073 1108 2108 referre
1132 2074 1302 2117 debeant,
1325 2074 1390 2108 sed
1413 2074 1625 2108 immediate

374 2129 424 2163 ad
450 2140 554 2163 suam
581 2128 767 2171 Animam,
798 2139 881 2173 quae
908 2129 946 2162 id
975 2129 1012 2162 in
1037 2129 1215 2172 animum,
1241 2128 1273 2162 &
1302 2129 1388 2163 inde
1411 2129 1449 2162 in
1474 2135 1624 2163 naturas

374 2195 501 2220 eorum
529 2183 692 2226 reflectit,
724 2183 755 2216 &
786 2183 884 2227 ipsas
913 2184 1097 2218 bonitates
1126 2184 1309 2218 naturales
1337 2183 1390 2218 eis
1419 2183 1483 2218 tali
1512 2183 1624 2218 modo

373 2240 520 2274 revelat.
572 2238 671 2283 Quid
696 2250 769 2272 non
795 2238 832 2272 in
860 2239 1118 2283 Primogenito,
1145 2239 1182 2273 in
1211 2250 1340 2273 omnes
1369 2238 1623 2283 perfectiones,

375 2306 448 2330 non
467 2295 586 2329 solum
603 2294 798 2338 naturales,
818 2294 882 2329 sed
900 2294 1013 2329 etiam
1030 2294 1249 2340 spirituales,
1266 2300 1363 2329 nato.
