1783 2760
483 136 562 170 DE
593 136 792 170 AMORE
823 136 969 169 PRJM
970 136 1076 170 OGE
1079 137 1146 170 Nl
1150 137 1204 170 TI
1202 164 1208 171 .
1412 146 1475 180 107

222 233 350 274 ficare
384 234 551 283 ausim;
591 233 667 273 sed
701 234 857 273 iterum
892 232 974 273 hoc
1015 247 1183 282 reVOCO,
1217 233 1334 285 quod
1371 233 1478 273 nihil

219 308 343 342 tuum
375 303 440 351 sit,
463 301 580 354 quod
612 307 815 341 autumas
845 314 938 340 esse
969 306 1120 351 tuum3
1154 314 1198 340 es
1232 302 1363 341 modo
1398 302 1478 341 Po-

218 371 368 420 tentia,
393 384 489 422 quae
512 384 567 410 ex
591 383 648 418 se,
670 375 717 409 ut
739 383 796 409 ex
818 383 907 418 suo,
932 383 1148 422 nusquam
1177 369 1342 421 aliquid
1373 371 1476 422 agit,

218 439 295 479 sed
325 452 369 478 65
400 439 600 478 Potentia
629 438 830 478 omnibus
860 438 1015 477 creatis
1043 438 1250 489 potentiis
1280 438 1476 488 nobilior,

219 520 264 547 es
285 507 507 560 quoddam
529 506 763 555 cimelium,
786 506 873 546 imo
895 520 939 546 65
964 506 1168 546 delicium
1198 507 1332 559 ipsius
1356 507 1475 555 Caeli,

217 581 264 615 tu
287 582 435 629 portas
458 575 549 627 ejus
570 589 712 628 gazas,
737 575 774 615 &
797 575 919 615 ducis
942 575 1034 627 ejus
1062 588 1273 627 pompas:
1305 575 1393 623 sed,
1416 576 1475 615 mi

217 643 433 684 Domine!
476 657 529 683 ne
561 657 710 697 preme
743 649 915 684 tantum
945 644 1323 702 meampalmam,
1354 644 1476 693 forte,

216 713 322 753 dum
354 712 640 761 exaudiveris,
673 712 857 752 remittis
889 711 1098 764 palpum3
1145 712 1326 760 nostine,
1357 713 1475 764 quod

216 781 336 821 nulla
370 781 434 821 vis
469 781 690 834 potentias
732 780 911 830 excitat,
947 780 1028 819 nisi
1064 793 1162 832 quae
1204 781 1475 820 extrinsecus

217 848 386 899 influit3
424 849 466 888 in
497 854 541 888 te
574 848 716 888 influit
752 861 850 888 cum
882 848 970 888 suis
1007 848 1154 901 pretiis
1191 862 1240 888 ac
1275 849 1400 888 bonis
1436 849 1475 889 &

217 917 385 958 Caelum
410 916 447 957 δι
471 917 615 966 Terra,
640 917 716 956 sed
740 923 867 957 extra
888 922 931 956 te
956 923 1068 965 sunt,
1090 922 1136 956 tu
1166 930 1216 956 ea
1245 918 1410 970 recipis,
1435 917 1473 958 δε

215 986 327 1026 sicut
349 1000 405 1026 ex
429 991 581 1025 mutuo
603 985 794 1037 acceptis
815 985 976 1024 viribus
1002 986 1120 1037 agis3
1153 999 1207 1025 an
1237 985 1370 1025 Auris
1398 992 1475 1026 tua

216 1055 451 1107 quicquam
482 1054 615 1103 audit,
644 1054 724 1093 nisi
757 1053 1009 1094 modulatus
1041 1067 1113 1093 aer
1144 1053 1300 1094 inferat
1331 1068 1472 1102 sonos,

215 1123 316 1163 inde
344 1123 434 1171 Vis,
462 1124 576 1163 unde
608 1122 828 1162 Auditus:
869 1121 943 1162 An
974 1123 1208 1175 quicquam
1241 1123 1368 1176 sapis,
1393 1124 1473 1163 nisi

215 1192 405 1231 admotis
430 1192 612 1244 Linguae
636 1191 814 1231 eduliis:
847 1205 902 1231 an
929 1191 1007 1231 tibi
1030 1192 1148 1241 odor,
1172 1192 1251 1231 nisi
1273 1192 1474 1233 volatiles

215 1261 258 1300 in
300 1274 398 1300 aere
439 1266 584 1313 partes
625 1259 754 1299 fibras
796 1260 919 1300 istius
959 1260 1110 1313 organi
1150 1266 1366 1313 tangunt:
1416 1274 1473 1300 an

216 1327 374 1381 Operae
416 1335 502 1369 tuae
539 1329 742 1380 corporis,
778 1342 852 1368 seu
894 1328 1084 1377 Viscera,
1125 1329 1168 1368 in
1207 1343 1284 1369 sua
1325 1330 1474 1369 munia

214 1396 419 1446 feruntur,
458 1397 538 1437 nisi
580 1396 738 1437 influus
779 1410 852 1437 aer
889 1397 1122 1437 Pulmones
1160 1404 1258 1438 tuos
1294 1397 1473 1438 alternis

214 1466 452 1519 expandit:
484 1465 631 1505 omnia
654 1466 736 1505 ista
764 1471 864 1506 sunt
893 1466 1025 1505 modo
1054 1479 1218 1518 organa
1249 1466 1286 1506 ἃ
1317 1467 1473 1506 instru-

215 1540 374 1582 menta,
390 1548 464 1574 seu
487 1541 587 1574 sunt
604 1535 826 1587 potentiae,
842 1548 939 1587 quae
962 1534 1128 1587 absque
1142 1536 1182 1574 vi
1201 1535 1472 1575 extrinsecus

213 1602 420 1643 illabente
448 1602 553 1642 nihil
582 1602 822 1656 agunt<y>:
875 1602 1063 1644 Oculum
1094 1605 1226 1644 modo
1256 1605 1470 1658 expende,

262 1742 317 1788 (y)
340 1742 378 1777 Si
398 1743 549 1786 Organa
566 1742 598 1776 ἃ
614 1742 766 1777 Viscera
784 1743 898 1776 nostri
916 1743 1099 1788 Corporis,
1111 1744 1252 1788 majora
1266 1744 1298 1778 &
1316 1745 1471 1788 minora,

214 1809 277 1832 seu
311 1804 546 1842 quotcunque
579 1798 685 1832 oculo
718 1804 781 1832 aut
814 1798 1068 1842 microscopio,
1098 1800 1256 1843 spectari
1287 1800 1319 1834 &
1349 1801 1471 1845 detegi

214 1860 362 1899 queunt,
380 1853 586 1896 lustremus,
605 1853 808 1897 apparebit,
833 1854 932 1898 quod
957 1854 1099 1887 nullum
1125 1866 1247 1888 eorem
1272 1867 1382 1899 agere
1407 1867 1472 1890 seu

213 1909 355 1953 operari
381 1909 508 1952 possit,
532 1909 603 1942 nisi
630 1909 780 1953 aliquod
806 1909 1030 1943 extrinsecus
1055 1909 1194 1953 influat,
1215 1911 1314 1955 quod
1338 1911 1370 1945 ei
1396 1911 1472 1945 vim

213 1964 346 2007 agendi
365 1963 511 2004 tribuit;
538 1963 713 2008 quicquid
731 1963 829 1997 enim
848 1964 976 2006 influit,
989 1976 1031 1999 ex
1045 1971 1147 1999 motu
1162 1977 1237 1999 suae
1252 1966 1472 2009 influxionis,

212 2019 288 2053 vim
305 2019 414 2053 istam
431 2019 591 2052 activam
613 2019 713 2052 ducit
737 2019 769 2053 δε
792 2019 919 2053 tribuit
939 2031 945 2053 :
989 2020 1060 2053 Cor
1082 2031 1156 2054 non
1179 2021 1327 2055 excitari
1351 2029 1473 2066 potest

212 2074 250 2108 in
268 2085 353 2107 suas
371 2074 526 2118 systoles
545 2074 576 2107 ἃ
596 2074 782 2117 diastoles,
802 2074 871 2108 nisi
889 2086 911 2108 a
932 2075 1119 2118 Sanguine
1136 2076 1252 2110 Venae
1271 2077 1393 2119 Cavae,
1408 2078 1471 2122 qui

212 2130 251 2163 in
269 2130 433 2164 dextram
457 2129 534 2173 ejus
557 2130 782 2173 Auriculam,
801 2130 834 2164 δε
856 2142 879 2164 3
904 2131 1083 2174 sanguine
1109 2131 1330 2175 Pulmonari,
1349 2133 1410 2177 qui
1434 2133 1472 2166 in

214 2185 410 2227 sinistram,
425 2185 584 2219 illabitur
600 2197 607 2218 :
636 2186 764 2229 Hepar
781 2196 853 2219 non
874 2186 912 2218 in
930 2197 1014 2219 suas
1032 2187 1264 2230 operationes
1283 2187 1471 2230 excitatur,

213 2239 283 2272 nisi
302 2249 323 2272 a
343 2239 541 2282 Sanguine,
559 2239 620 2284 qui
646 2239 683 2273 in
707 2250 840 2273 venam
866 2239 944 2284 ejus
973 2241 1093 2275 Portae
1118 2241 1218 2285 prius
1244 2241 1471 2276 infunditur:

213 2293 447 2328 Ventriculus
465 2294 501 2327 in
520 2305 596 2328 suae
614 2294 829 2339 digestionis
848 2294 881 2329 δε
900 2295 1142 2330 triturationis
1165 2296 1309 2340 modos,
1328 2297 1398 2331 nisi
1421 2298 1470 2332 ab
