1835 2672
354 206 375 238 4
614 197 798 231 CAPUT
825 197 1064 243 PRIMUM,
1098 199 1291 234 SECTJO
1326 199 1356 234 J.

413 296 449 336 6.
484 296 657 338 Circum
688 311 896 351 magnum
927 297 1052 344 Solis.
1083 298 1120 339 δε
1147 298 1240 351 ejus
1268 297 1504 338 errantium
1531 297 1614 339 Or-

355 365 486 415 bium,
518 366 761 420 horumque
795 368 1006 407 comitum
1036 368 1272 416 Lunarum,
1305 368 1521 419 Systema,
1551 367 1614 406 in-

356 435 642 475 numerabilia
683 435 851 488 fulgent
892 435 1038 485 Astra,
1073 450 1171 489 quae
1207 436 1375 477 Caelum
1417 442 1614 475 nostrum

355 501 623 544 Stelliferum
648 504 690 544 in
713 505 944 544 duodecim
970 504 1115 557 Signa,
1139 505 1378 545 secundum
1402 505 1616 544 sectiones

357 571 546 621 Zodiaci,
570 573 769 622 divisum,
791 573 1076 622 constituunt,
1100 573 1137 613 ἃ
1159 573 1496 613 immensitatem
1523 572 1616 624 ejus

355 641 669 693 aspectabilem
684 643 854 682 sistunt.
888 642 1071 695 Singula
1085 642 1178 681 haec
1192 641 1328 682 Astra
1342 641 1432 681 fixa
1448 641 1614 690 sedent,

356 708 394 749 ἃ
419 716 630 763 tanquam
656 711 810 751 Icones
832 712 980 764 magni
1010 711 1136 760 Solis,
1158 711 1200 750 in
1230 711 1402 752 Centris
1430 711 1616 750 immota

355 778 488 818 etiam
509 780 729 832 quendam
748 793 964 832 campum,
980 780 1110 819 radiis
1127 780 1213 819 suis
1231 780 1469 819 excitatum
1489 793 1615 819 occu-

353 853 488 899 pant3
521 849 691 901 sibique
719 862 831 898 eum,
857 855 905 888 ut
938 862 1064 888 suum
1095 848 1316 901 proprium
1348 849 1614 889 Universum

352 915 587 969 subjiciunt
610 916 647 957 ἃ
668 917 886 957 addicant.
929 916 1051 969 Quot
1073 917 1219 969 itaque
1242 917 1395 958 Sidera
1418 923 1614 957 nostrum
1637 967 1641 971 ν

353 985 563 1038 stipantia
604 985 641 1026 ἃ
683 986 940 1026 coronantia
976 986 1206 1034 Mundum,
1242 992 1308 1026 tot
1343 986 1476 1026 etiam
1513 993 1615 1026 sunt

355 1053 1044 1102 Universa,secundumvirtutem
1055 1054 1091 1094 ἃ
1105 1055 1397 1106 quantitatem
1415 1054 1614 1094 Luminis

353 1122 408 1161 ab
432 1122 514 1162 illis
535 1123 790 1172 eradiatam,
814 1122 982 1175 majora
1005 1123 1270 1175 minoraque.
1336 1122 1395 1162 Hi
1418 1122 1614 1163 caelestes

354 1190 466 1231 Circi
500 1205 546 1231 se
573 1198 727 1232 mutuo
755 1197 960 1232 contactu
992 1197 1206 1243 premunt,
1230 1190 1268 1231 ἃ
1297 1190 1448 1244 ligant,
1472 1191 1510 1232 81
1538 1205 1616 1244 per

351 1261 734 1301 concatenationes
770 1274 982 1313 perennes
1023 1260 1244 1300 caelestem
1284 1260 1615 1313 conglomerant

354 1328 596 1381 Sphaeram,
612 1328 649 1369 &
667 1343 744 1382 per
761 1329 951 1369 infinitos
969 1329 1094 1368 orbes
1112 1329 1375 1368 concinnant
1394 1329 1612 1378 Formam,

351 1411 449 1449 quae
473 1398 669 1437 omnium
692 1397 963 1450 sphaerarum
989 1397 1026 1437 &
1044 1397 1282 1437 formarum
1301 1398 1529 1450 exemplar
1545 1398 1612 1447 sit,

351 1467 393 1505 in
417 1480 502 1519 qua
526 1480 678 1506 ornnes
701 1467 738 1507 δε
762 1467 919 1519 singuli
942 1468 1038 1519 gyri
1059 1466 1254 1506 stellares
1276 1467 1613 1507 concordissime

352 1536 393 1574 in
425 1549 558 1575 unum
589 1536 794 1588 idemque
822 1537 1086 1588 conspirant,
1112 1536 1286 1583 scilicet,
1309 1541 1355 1575 ut
1384 1549 1429 1575 se
1460 1542 1613 1576 mutuo

352 1604 662 1644 constabiliant
691 1604 729 1644 &
758 1604 943 1652 firment,
973 1618 1029 1644 ex
1057 1605 1143 1657 qua
1172 1604 1332 1644 unione
1359 1618 1383 1644 a
1415 1604 1613 1645 bonitate

352 1673 502 1712 formae
526 1673 774 1722 resultante,
799 1673 1058 1725 complexus
1079 1672 1148 1712 hic
1172 1672 1498 1721 Universorum,
1522 1673 1614 1713 Fir-

352 1747 624 1781 mamentum
640 1742 798 1781 dicitur
810 1741 884 1794 (b);
899 1755 1000 1781 nam
1017 1742 1058 1780 in
1075 1741 1134 1780 sic
1149 1742 1399 1782 consociato
1414 1743 1612 1782 maximo

399 1863 445 1906 (b)
467 1864 558 1897 Haec
586 1864 730 1907 Forma,
750 1875 861 1908 quam
887 1864 1016 1898 Sidera
1035 1875 1117 1898 cum
1137 1864 1211 1897 suis
1232 1864 1425 1898 Universis
1443 1875 1508 1908 per
1525 1875 1611 1898 con-

353 1921 570 1955 sertationes
586 1922 680 1956 inter
698 1933 737 1956 se
754 1928 893 1963 mutuo,
910 1922 1154 1956 determinant
1169 1929 1229 1955 aut
1249 1921 1466 1965 coefficiunt,
1481 1922 1513 1956 δε
1531 1933 1612 1967 quae

354 1977 436 2011 ideo
457 1977 624 2010 Caelestis
641 1978 858 2022 appellatur,
878 1978 924 2011 ab
945 1978 1072 2012 Oculis
1092 1978 1128 2010 in
1152 1977 1308 2012 Telluris
1333 1977 1452 2012 Globo
1477 1978 1611 2012 consti-

351 2032 451 2075 tutis,
466 2043 713 2076 nequaquam,
729 2032 757 2065 si
778 2033 868 2066 visui
890 2032 981 2066 fides
999 2032 1183 2075 habenda,
1197 2032 1348 2076 agnosci
1368 2039 1499 2076 potest,
1513 2032 1613 2077 quod

352 2087 518 2120 omnium
545 2087 762 2120 Formarum
795 2088 923 2121 Mundi
950 2087 1216 2132 perfectissima
1243 2088 1313 2128 sit;
1357 2088 1494 2121 Oculus
1513 2088 1612 2121 enim

352 2154 426 2177 non
445 2149 614 2187 penetrat
633 2143 669 2175 in
689 2143 884 2177 distantias
902 2143 1009 2177 unius
1030 2143 1167 2177 Sideris
1183 2144 1230 2177 ab
1245 2143 1370 2185 altero,
1385 2143 1450 2177 sed
1465 2154 1508 2177 ea
1526 2154 1612 2177 con-

350 2197 550 2242 templatur
579 2204 754 2242 tanquam
787 2199 967 2233 collocata
997 2199 1033 2232 in
1062 2209 1226 2243 expanso
1252 2198 1424 2243 quodam,
1450 2209 1564 2232 unum
1590 2210 1612 2232 a

352 2254 467 2287 latere
485 2252 634 2286 alterius
653 2265 660 2292 ;
688 2253 773 2287 inde
792 2254 884 2287 sicut
903 2254 1043 2299 absque
1062 2254 1199 2297 ordine,
1214 2260 1253 2288 ut
1271 2254 1458 2297 congeries
1478 2253 1612 2288 inordi-

352 2315 452 2349 nata,
471 2315 647 2352 apparent
667 2321 672 2341 z
701 2319 816 2353 usque
833 2314 958 2343 tamen
982 2309 1080 2354 quod
1106 2310 1240 2342 Forma
1263 2320 1306 2342 ex
1330 2309 1494 2342 omnium
1521 2309 1612 2343 Uni-

353 2374 539 2398 versosum
561 2363 793 2398 Sidereorum
813 2372 1057 2398 concatenata
1075 2364 1166 2398 serie
1187 2364 1358 2407 conflata,
1377 2364 1421 2398 sit
1447 2364 1611 2398 omnium
