1783 2760
597 158 675 192 DE
707 156 996 191 PARADJSO.
1383 162 1425 196 23

166 272 213 298 se
246 257 423 297 ludente
455 261 598 304 aetate,
626 261 840 307 tanquam
872 267 985 294 nova
1019 252 1205 305 Sponsa,
1233 251 1425 304 quadam

167 326 283 379 palla
305 324 628 365 formosissimis
649 324 803 363 ornata
825 322 979 362 rosetis
1002 321 1166 368 induta,
1187 319 1224 360 ἃ
1247 319 1426 359 lectissi-

167 408 337 435 morum
360 393 515 434 florum
538 392 661 445 quasi
685 391 886 431 redimita
912 390 1049 438 sertis,
1071 387 1312 436 incedebat,
1334 388 1427 439 ipsa

168 462 347 503 flamma
378 461 679 501 amaenitatum
712 474 769 499 ex
801 459 911 498 facie
940 457 1034 510 ejus
1064 457 1292 505 emicante,
1317 456 1427 495 adeo

170 537 216 572 ut
239 532 355 584 ipsos
379 531 553 572 Caelites
576 531 618 570 in
641 543 743 570 suos
772 529 991 569 thalamos
1015 527 1209 574 invitare⁷
1232 525 1270 565 &
1293 539 1317 565 a
1340 525 1428 564 suis

168 600 368 653 primitiis
391 613 413 639 e
436 599 634 652 quolibet
656 604 752 638 toro
774 597 956 637 delectis
973 601 1098 648 grata
1115 593 1372 634 munuscula
1390 593 1427 633 &

167 667 295 708 thura
317 668 534 720 porrigere
557 667 783 721 potuisset.
849 664 1163 716 Unusquisque
1184 662 1252 703 hic
1275 662 1430 709 foetus,

166 736 364 776 similiter
394 750 444 776 ac
475 737 569 788 ipsa
600 749 763 787 magna
796 734 972 783 Parens,
1001 733 1175 786 penitus
1206 730 1428 784 quandam

166 805 518 858 perpetuitatem,
538 804 575 844 &
593 804 681 844 Ver
699 803 847 855 magni
870 801 1090 850 aemulum,
1108 801 1323 853 spirabat;
1352 799 1429 839 sed

167 887 253 913 una
276 872 547 913 efflorescens
564 872 827 925 germinatio
849 870 975 910 aliter
1002 883 1176 922 prorsus
1204 882 1255 909 ac
1283 867 1431 916 altera,

167 943 228 982 ita
250 942 368 982 mille
391 941 533 981 modis
552 955 561 991 ;
594 953 827 980 commune
850 945 954 988 erat,
970 938 1088 991 quod
1106 937 1430 990 unumquodvis

169 1023 281 1050 nova
313 1016 482 1062 pareret
515 1010 696 1057 semina,
729 1022 828 1060 spes
861 1007 992 1048 futuri
1027 1006 1209 1059 generis,
1242 1019 1340 1058 quae
1372 1019 1429 1045 ex

168 1079 332 1119 ultimis
355 1079 442 1118 suis
464 1078 626 1118 viribus
655 1082 879 1129 concepta,
905 1076 943 1116 δε
974 1075 1259 1128 postmodum
1290 1080 1429 1118 enata,

170 1148 211 1187 in
235 1160 443 1200 magnum
468 1146 664 1186 Parentis
687 1145 829 1185 sinum
853 1158 989 1197 prope
1011 1157 1138 1184 suum
1156 1143 1428 1191 demittebat,

168 1216 342 1268 suisque
357 1216 582 1268 operiebat
602 1214 726 1263 foliis,
743 1213 780 1254 &
795 1227 851 1253 ex
867 1213 933 1253 his
952 1214 994 1252 in
1009 1212 1232 1265 pulverem
1250 1211 1431 1264 dilapsis

168 1285 282 1324 nova
303 1283 519 1323 obruebat
535 1282 680 1332 humo,
699 1282 736 1322 ἃ
759 1283 819 1322 sic
837 1282 978 1334 ipsum
996 1281 1109 1320 sicut
1126 1294 1240 1321 nova
1259 1280 1429 1327 Parens,

167 1366 292 1392 suam
306 1352 472 1405 prolem
487 1364 668 1391 evocare
687 1351 724 1391 ἃ
743 1351 939 1398 educere,
956 1349 1152 1402 parabat.
1189 1347 1281 1388 Alii
1299 1348 1430 1388 foetus

167 1420 317 1470 aliter;
348 1420 417 1460 vel
439 1420 555 1460 enim
579 1434 635 1459 ex
659 1420 793 1472 stirpe
816 1420 894 1458 sua
920 1419 1077 1458 iterum
1108 1417 1146 1457 δε
1178 1417 1324 1457 denuo
1354 1430 1429 1457 ex-

166 1490 298 1539 citati,
330 1489 456 1528 flores
487 1502 600 1537 suOS,
634 1488 767 1540 longa
799 1487 908 1527 serie
944 1486 1241 1536 renovabant3
1272 1485 1340 1525 vel
1373 1499 1430 1525 ex

166 1558 308 1598 cinere
331 1571 409 1597 suo
432 1558 598 1608 seipsos
620 1556 960 1605 resuscitabant3
984 1568 1137 1594 succus
1155 1555 1284 1602 enim,
1299 1567 1429 1606 quem

167 1640 192 1666 a
212 1631 350 1666 matre
374 1632 622 1666 extractum
644 1626 685 1665 in
709 1638 809 1664 suas
835 1637 968 1665 venas
997 1616 1429 1671 diffundebant,‘non
1459 1645 1462 1647 -

167 1694 248 1734 nisi
285 1707 417 1746 quam
455 1708 511 1733 ex
544 1694 673 1733 meris
704 1693 927 1746 principiis
959 1692 1175 1745 gravidus,
1210 1691 1248 1732 St
1280 1691 1340 1731 sic
1373 1705 1430 1731 ex

169 1762 558 1803 innumerabilibus
595 1763 659 1802 sui
697 1761 1015 1801 inchoamentis
1048 1760 1275 1800 faecundus
1311 1766 1430 1806 erat;

169 1845 270 1872 nam
286 1830 435 1871 Tellus
450 1836 544 1871 tota
558 1837 723 1883 quanta
736 1830 828 1883 jam
849 1830 1142 1871 Seminarium
1161 1828 1199 1869 &
1218 1828 1427 1869 Ovarium

168 1906 284 1950 erat;
314 1899 472 1938 humus
494 1899 672 1939 demum
695 1913 752 1938 ex
774 1898 954 1938 tumulis
984 1898 1243 1938 denatorum
1274 1897 1429 1937 florum

169 1995 346 2033 tanquam
365 1988 561 2032 praesentia
580 1987 793 2022 contineant
809 1999 817 2028 ;
843 1998 931 2020 nam
954 1986 1045 2020 nihil
1069 1997 1144 2020 non
1165 1985 1214 2019 ad
1231 1985 1430 2029 imaginem

168 2044 297 2078 formae
325 2055 401 2078 suae
425 2044 612 2088 genitricis
639 2043 813 2085 nascitur,
841 2043 873 2077 &
898 2042 934 2075 in
959 2053 998 2076 se
1021 2042 1153 2075 suturae
1177 2041 1300 2085 stirpis
1331 2052 1429 2075 com-

169 2099 296 2132 munia
313 2098 399 2142 fata,
417 2105 455 2132 ut
473 2098 682 2143 praesentia,
701 2097 855 2131 includit
875 2109 882 2131 :
925 2097 1047 2141 Quare
1072 2096 1161 2130 dum
1181 2096 1332 2130 Semina
1349 2096 1429 2130 haec

171 2164 210 2187 se
239 2153 500 2198 explicuerunt,
528 2153 733 2187 secundum
760 2163 844 2187 eum
872 2152 1040 2186 ordinem
1068 2150 1331 2194 successivum,
1357 2162 1430 2195 quo

170 2214 296 2242 exorta
314 2214 409 2251 sunt,
423 2220 497 2242 non
511 2214 708 2253 potuerunt
722 2218 798 2241 non
819 2207 1046 2241 Universum
1065 2217 1172 2240 suum
1190 2206 1289 2251 prius
1307 2206 1431 2250 aliqua

169 2266 264 2300 facie
297 2266 330 2300 &
362 2266 480 2300 forma
512 2265 686 2310 effigiare,
716 2265 810 2299 sicut
843 2265 956 2300 etiarn
988 2264 1101 2298 hodie
1131 2263 1168 2298 in
1199 2263 1430 2308 perplurimis

170 2321 445 2356 efflorescentiis
463 2321 710 2366 conspicuum
728 2320 876 2355 sistitur.
