1783 2760
413 194 491 228 DE
526 193 784 238 CONJUGJO
813 193 1195 229 PRMJOGENITJ.
1390 202 1429 236 13

182 297 258 332 aut
279 290 456 332 Amoris
479 290 692 343 Supremi‚
711 289 894 342 perfluit,
915 290 1114 331 similiter
1133 305 1183 332 ac
1206 291 1298 344 ipsa
1314 290 1431 340 fibra,

180 373 207 400 a
227 360 367 412 priore
387 373 462 399 seu
485 359 685 410 suprema
708 358 790 407 illa,
815 364 928 398 nata.
980 358 1055 398 Ab
1075 358 1140 398 his
1158 359 1250 411 jam
1272 359 1430 411 produ-

181 428 291 468 citur
329 427 503 467 tertium
545 426 666 466 fibrae
716 425 988 479 principium,
1031 426 1153 479 cujus
1197 427 1336 467 forma
1387 428 1429 466 in

180 495 391 548 supremis
412 494 534 534 audit
556 493 908 543 Infra-Caelestis,
932 493 970 534 &
996 494 1118 546 cujus
1140 494 1258 534 fibrae
1286 508 1428 548 porus,

181 578 255 604 seu
279 562 504 611 meatulus,
526 562 657 602 modo
679 563 848 615 pervius
871 567 937 602 est
958 562 1170 615 spirituali
1197 562 1257 601 illi
1285 576 1430 602 essen-

179 632 252 672 tiae
275 631 513 671 mediatrici
537 631 647 670 inter
667 631 801 670 vitam
824 630 917 670 caeli
948 629 986 670 &
1016 636 1216 670 naturam
1249 630 1400 670 mundi
1420 644 1428 670 :

179 699 247 740 hae
281 705 381 739 sunt
414 699 640 751 ipsissimae
673 698 873 738 essentiae
909 698 947 738 ἃ
984 697 1119 738 reales
1159 699 1428 746 substantiae,

180 780 282 808 nam
313 781 410 820 quae
447 767 653 807 derivatae
694 772 805 814 sunt,
842 766 880 806 &
917 766 1094 806 demum
1138 767 1217 807 sub
1254 779 1427 806 sensum

179 836 352 885 cadunt,
375 848 505 875 omne
526 847 651 874 suum
673 834 842 874 actuale
865 833 902 874 &
926 834 1051 883 reale,
1069 834 1126 874 ab
1147 834 1207 882 iis,
1226 834 1263 874 &
1278 848 1427 874 eorum

179 917 325 944 secum
357 917 487 952 nexu,
510 902 698 944 trahunt.
760 903 831 942 Ex
855 902 920 942 his
945 902 1083 942 tribus
1114 902 1335 955 principiis
1367 903 1427 943 ita

178 972 396 1021 consertis,
416 972 508 1024 jam
537 971 790 1024 producitur
811 971 953 1011 omnis
975 970 1094 1021 fibra,
1117 985 1215 1024 quae
1236 985 1312 1024 per
1334 985 1427 1011 ner-

178 1054 256 1081 vos
294 1040 446 1080 defluit
486 1041 529 1080 in
570 1040 813 1092 provincias
856 1040 1056 1092 corporis,
1098 1052 1148 1079 ac
1190 1039 1426 1079 candidum

179 1108 484 1161 purioremque
501 1108 769 1160 sanguinem,
783 1107 915 1160 vulgo
934 1108 1145 1161 Spiritum
1160 1107 1424 1158 Animalem,

179 1176 378 1217 devehit:
410 1189 467 1216 ex
489 1175 554 1215 his
577 1176 730 1215 ultimo
752 1177 1064 1216 concinnantur
1088 1176 1217 1226 Vasa,
1238 1176 1426 1217 Arteriae

179 1243 218 1285 ἃ
248 1243 395 1293 Venae,
430 1244 556 1293 dicta,
591 1257 687 1296 quae
725 1244 992 1297 Sanguinem
1030 1245 1206 1285 rubrum
1246 1245 1426 1285 crassio—

178 1325 356 1365 remque
387 1312 722 1361 circumvehunt,
756 1325 813 1352 ex
848 1312 1014 1364 quibus,
1049 1318 1096 1352 ut
1132 1312 1170 1353 &
1205 1326 1263 1353 ex
1298 1313 1426 1353 dictis

177 1379 307 1429 fibris,
331 1381 479 1420 omnia
501 1380 680 1432 Organa
701 1379 739 1420 &
765 1379 944 1420 Viscera
977 1379 1180 1433 Corporis
1211 1381 1425 1422 confabri-

177 1454 355 1498 cantur;
387 1448 424 1488 &
448 1461 524 1500 per
544 1448 678 1488 vitam
712 1448 935 1500 utriusque
964 1449 1186 1501 sanguinis
1214 1464 1240 1490 a
1268 1451 1423 1502 princi-

177 1517 259 1570 piis
281 1517 373 1557 istis
394 1516 584 1565 influam‚
602 1515 640 1556 ἃ
663 1516 996 1569 tergeminatam
1012 1516 1069 1556 ibi
1085 1516 1421 1566 fibram,vivunt.

178 1585 251 1625 Ex
278 1584 344 1624 his
370 1584 462 1636 jam
485 1585 595 1624 ratio
618 1584 759 1623 omnis
780 1585 1119 1637 compositionis,
1142 1584 1179 1625 81
1203 1585 1294 1638 ipse
1315 1587 1423 1626 ordo

175 1652 442 1693 successivus
464 1652 506 1691 in
528 1652 760 1705 principiiS,
781 1658 913 1705 atque
933 1652 1217 1694 simultaneus
1239 1654 1281 1694 in
1306 1654 1423 1694 fibris

175 1721 277 1761 inde
308 1721 522 1770 derivatis,
544 1726 637 1760 tum
670 1721 801 1760 etiam
834 1720 1024 1761 influxus
1054 1721 1293 1762 secundum
1321 1736 1421 1763 eum

175 1790 384 1838 ordinem,
406 1794 604 1829 constare
626 1794 771 1841 potest

231 1868 299 1910 93.
330 1857 395 1897 At
416 1857 630 1910 pervideo,
651 1870 748 1896 mea
766 1855 921 1896 Filiola
939 1856 946 1896 !
968 1856 1125 1907 aiebat,
1146 1857 1264 1910 quod
1278 1857 1421 1899 adhuc

176 1926 390 1967 nubecula
410 1925 614 1978 quaedam
646 1925 688 1964 in
719 1924 813 1964 luce
834 1926 909 1964 tua
930 1925 1112 1975 oberret,
1134 1939 1265 1978 quam
1287 1927 1420 1967 etiam

175 1995 430 2047 dissipatam
471 1994 603 2046 cupis,
641 1992 816 2042 scilicet,
853 1993 971 2046 quod
1013 1994 1206 2034 nondum
1246 1996 1420 2048 penitus

174 2063 456 2115 introspicias,
494 2061 644 2115 quales
681 2061 766 2101 illae
807 2062 977 2102 Formae
1013 2068 1125 2113 sunt,
1161 2077 1259 2116 quae
1295 2064 1338 2103 in
1374 2078 1420 2104 se

176 2136 326 2171 mutuo
357 2131 595 2171 secundum
626 2130 822 2170 ordinem
854 2131 984 2170 istum
1014 2137 1176 2184 agunt;
1208 2137 1257 2172 ut
1287 2132 1419 2172 etiam

175 2199 218 2239 id
240 2199 485 2252 expediam,
505 2212 529 2239 a
560 2198 772 2251 supremis
804 2199 970 2248 iterum,
1002 2212 1075 2239 seu
1105 2213 1131 2240 a
1161 2200 1301 2252 primo
1331 2206 1420 2241 sta—

176 2267 303 2316 mine,
323 2267 510 2308 eundem
533 2267 792 2320 reauspicari
812 2266 952 2308 velim.
1004 2268 1175 2308 Formae
1197 2268 1301 2317 istae,
1320 2282 1418 2321 quae

174 2334 365 2376 actuales
386 2335 642 2376 substantiae
664 2340 777 2385 sunt,
800 2334 838 2375 ἃ
865 2348 942 2389 per
972 2336 1237 2377 mutationes
1267 2342 1418 2386 status,
