1783 2760
459 162 538 196 DE
570 162 769 197 AMORE
802 162 1185 198 PRJMOGENJTJ.
1386 173 1449 207 123

193 259 379 309 cludere,
414 259 638 313 quomodo
679 259 782 300 bina
822 258 895 300 illa
938 260 1138 309 Lumina,
1179 260 1217 300 ἃ
1259 260 1347 300 bini
1388 260 1448 300 illi

193 326 407 368 luminum
455 328 643 376 Calores,
683 328 935 377 consociati,
978 327 1016 368 81
1067 328 1189 381 quasi
1240 329 1448 381 connupti

194 394 366 445 fuerint,
397 395 435 436 81
469 396 692 449 quomodo
726 409 861 436 unum
890 395 945 436 ad
975 395 1150 436 alterius
1178 397 1449 436 conditiones

194 463 233 504 &
269 465 491 517 pactiones
528 478 701 517 prorsus
735 464 974 512 accesserit,
1012 478 1113 504 nam
1154 465 1295 514 video,
1331 465 1448 517 quod

193 532 324 573 ambo
359 532 452 585 jam
494 545 628 573 unum
670 532 875 586 idemque
917 533 1122 573 studeant
1140 533 1246 585 (f):
1288 533 1450 573 scilicet

238 670 301 715 (f)
328 671 504 716 Apparet,
536 671 688 715 liquido,
721 677 898 716 tanquam
935 682 1060 706 coram
1098 671 1179 716 ipso
1213 671 1314 715 Visu,
1350 672 1450 717 quod

194 726 391 770 Imagines,
407 737 489 771 quae
502 737 566 770 per
581 726 739 760 Oculum
758 726 998 769 insinuantur,
1014 737 1159 760 sursum
1173 726 1221 760 ad
1236 726 1450 760 Sensorium

191 781 391 826 quoddam,
410 781 447 815 in
465 781 609 815 editiori
627 781 720 825 loco,
736 792 798 815 seu
818 781 854 814 in
875 781 1047 824 Cerebro,
1060 781 1235 826 positum,
1248 787 1449 825 emergant,

192 837 225 871 δι
242 837 280 871 in
300 837 511 871 Intellectus
530 836 714 881 sphaeram
733 848 772 871 se
785 837 981 871 insinuent.
1030 837 1195 881 Apparet
1209 836 1332 879 etiam,
1351 836 1450 880 quod

192 903 322 927 sensus
335 892 531 926 verborum
546 892 582 925 in
596 892 763 936 loquelis,
778 903 816 926 se
828 892 864 925 in
878 892 1015 926 similes
1028 891 1170 936 species
1183 903 1246 925 seu
1259 891 1450 935 imagineS‚

189 947 396 991 immutent,
415 947 447 982 &
465 947 517 981 sic
535 947 720 982 reformati
748 958 787 982 se
812 948 849 981 in
875 947 1031 981 eandem
1057 947 1241 992 sphaeram
1267 946 1450 988 inferant;

191 1002 406 1047 unaquaevis
422 1002 521 1036 enim
539 1013 608 1035 vox
625 1001 788 1046 aliquam
807 1002 928 1036 ideam
941 1002 1000 1036 vel
1017 1008 1160 1046 partem
1178 1002 1271 1036 ideae
1286 1002 1450 1036 involvit.

193 1057 369 1092 Similiter
387 1064 587 1102 comparet,
601 1057 701 1102 quod
722 1057 908 1101 Imagines
922 1057 1013 1100 istae,
1028 1057 1105 1091 sive
1122 1064 1220 1091 natae
1237 1057 1313 1091 sive
1332 1057 1450 1100 factae,

191 1112 387 1147 visualium
402 1113 554 1156 aemulae,
569 1113 606 1146 in
624 1112 785 1157 quadarn
806 1112 988 1146 Memoria
1006 1123 1045 1146 se
1062 1112 1286 1153 recondant;
1312 1112 1344 1146 &
1363 1112 1451 1146 dum

192 1177 236 1201 ex
256 1167 318 1201 illa
344 1167 381 1201 in
406 1174 569 1202 mentem
594 1173 805 1211 evocantur,
824 1167 892 1201 sub
919 1167 1040 1211 specie
1065 1167 1232 1201 idearum
1257 1166 1450 1211 prodeant,

192 1222 258 1257 sed
275 1234 368 1267 quae,
387 1234 409 1256 a
426 1222 552 1267 primis
577 1222 651 1256 suis
678 1222 881 1265 cunabulis,
900 1222 989 1255 dum
1014 1222 1135 1256 adhuc
1161 1222 1266 1266 quasi
1292 1222 1451 1256 infantes

192 1284 254 1312 aut
267 1278 473 1312 immaturae
485 1284 580 1319 sunt,
591 1277 814 1321 Materiales,
826 1277 911 1321 quia
922 1277 1116 1311 visualium
1129 1277 1451 1319 similes,audiunt.

192 1332 362 1367 Tandem
377 1332 608 1367 sublimiores
622 1332 730 1366 factae
745 1332 901 1366 induunt
916 1333 1021 1376 quasi
1035 1332 1196 1377 speciem
1214 1338 1277 1366 aut
1294 1332 1451 1366 formam

193 1388 431 1433 spiritualem,
455 1399 543 1421 nam
567 1387 701 1422 limites
728 1398 791 1421 seu
817 1387 973 1431 termini,
1000 1388 1133 1432 quibus
1165 1387 1265 1431 prius
1299 1388 1452 1422 circum-

193 1443 340 1488 scriptae
357 1442 511 1486 fuerunt,
531 1443 643 1477 veluti
666 1442 923 1485 detondentur,
942 1442 975 1477 &
1000 1443 1120 1487 ipsam
1146 1454 1252 1477 suam
1277 1449 1452 1485 mentem,

192 1504 378 1543 utcunque
395 1499 572 1541 limatam,
587 1498 710 1542 fug-ere
729 1498 918 1542 incipiunt,
936 1504 1023 1532 tunc
1042 1498 1309 1533 intellectuales
1328 1499 1360 1532 ἃ
1381 1499 1452 1532 lm-

191 1553 400 1588 materiales
427 1554 621 1595 dicuntur;
647 1564 736 1586 nam
761 1553 1039 1587 universaliores
1066 1560 1161 1596 sunt,
1181 1565 1293 1598 quam
1318 1560 1358 1588 ut
1384 1554 1452 1587 sub

192 1620 307 1643 unum
336 1609 541 1643 intuitionis
572 1608 804 1652 complexum
834 1608 980 1642 cadant.
1032 1608 1116 1643 Hac
1145 1609 1287 1643 ratione
1316 1614 1452 1643 n‘ostrae

196 1664 295 1698 ldeae
312 1664 462 1708 propius
477 1663 509 1698 &
524 1663 672 1708 propius
686 1663 735 1697 ad
749 1669 919 1697 naturam
934 1674 996 1698 seu
1010 1664 1209 1698 essentiam
1224 1664 1451 1708 spiritualem

193 1719 386 1764 accedunt,
416 1730 527 1764 seque
557 1718 636 1763 ejus
666 1718 834 1762 regimini
870 1718 1093 1763 subjiciunt:
1130 1719 1229 1763 quod
1258 1718 1315 1753 his
1346 1719 1451 1762 ideis,

194 1774 475 1819 imperceptibili
499 1774 622 1817 modo,
641 1774 870 1807 associentur
893 1773 998 1816 ideae,
1017 1784 1099 1818 quae
1121 1785 1210 1818 pure
1236 1774 1452 1818 Spirituales

195 1835 290 1873 sunt,
308 1829 341 1863 ἃ
365 1829 478 1862 modo
503 1829 596 1863 fines
623 1828 833 1873 inspiciunt,
853 1828 890 1862 id
916 1828 1055 1862 clarum
1080 1835 1146 1871 est,
1165 1828 1253 1862 dum
1278 1829 1452 1863 interiora

192 1885 324 1918 harum
335 1884 500 1918 idearum
514 1883 672 1928 penitius
687 1883 891 1924 intuemur3
911 1894 998 1917 narn
1012 1883 1048 1917 in
1066 1884 1193 1918 Mente
1204 1894 1278 1917 non
1293 1884 1451 1928 amplius

194 1946 234 1974 ut
253 1939 363 1982 Ideae,
382 1939 447 1973 sed
464 1945 503 1973 ut
523 1939 633 1973 Fines
653 1938 689 1972 in
714 1938 793 1972 istis
818 1938 922 1982 ideis,
938 1944 1154 1980 versantur;
1180 1938 1231 1972 ita
1256 1939 1452 1983 Spirituale

195 2006 280 2029 cum
300 1994 468 2028 Naturali
488 1994 700 2038 conjugium
718 1993 796 2037 init,
814 2000 877 2028 aut
893 2005 1006 2027 unum
1029 1993 1098 2028 sibi
1121 1994 1277 2028 alterum
1300 2005 1452 2028 consors

191 2049 321 2095 jungit.
373 2049 448 2084 Sed
473 2049 657 2093 quaeritur,
682 2048 780 2082 unde
804 2048 875 2082 hoc
903 2048 1099 2093 Spirituale
1124 2049 1162 2082 in
1187 2049 1284 2082 hunc
1314 2050 1452 2083 Mentis

194 2105 410 2148 thalamum,
428 2104 545 2138 influit
561 2117 569 2145 ;
594 2104 800 2148 perclarum
823 2110 888 2147 est,
907 2104 1007 2148 quod
1030 2115 1105 2138 non
1127 2115 1192 2149 per
1213 2104 1310 2138 sores
1328 2105 1451 2147 Visus,

196 2171 261 2195 seu
293 2160 392 2193 viam
424 2159 638 2203 imaginum,
671 2169 758 2192 nam
790 2158 849 2192 hae
883 2165 967 2193 sunt
1000 2159 1112 2193 modo
1145 2159 1293 2192 luminis
1323 2159 1451 2193 solaris

197 2214 347 2259 species,
374 2225 456 2259 quae
481 2214 518 2247 in
544 2225 583 2248 se
609 2213 701 2247 nihil
728 2213 893 2247 Luminis
925 2213 1131 2258 Spiritualis
1160 2213 1360 2256 continent,
1386 2213 1452 2248 sed

196 2269 297 2315 quod
313 2269 371 2302 hae
389 2280 411 2302 a
429 2280 494 2302 suo
512 2269 650 2303 lumine
664 2268 854 2302 illustratae
867 2268 899 2303 δι
912 2268 1081 2303 excitatae
1095 2279 1240 2302 sursum
1254 2268 1452 2312 eleventur,

197 2328 236 2356 ut
267 2320 411 2355 Lumini
443 2320 630 2365 Spirituali
660 2326 855 2355 occurrant
883 2320 916 2355 ἃ
946 2321 1239 2366 conjungantur3
1274 2320 1313 2355 id
1338 2321 1451 2357 etiam
