1783 2760
468 117 546 151 DE
578 116 776 151 AMORE
808 118 1191 153 PRIMOGENITI.
1396 128 1457 164 125

201 214 406 255 infuderit
423 229 431 265 ;
490 214 528 255 ἃ
578 215 861 268 postmodum
907 199 998 264 ⁸eas,
1041 230 1117 268 per
1161 217 1460 270 appositiones

202 290 387 332 mutuas,
406 298 480 324 seu
499 297 575 336 per
594 284 858 336 epigenesin,
876 285 1020 336 specie
1039 285 1243 337 Corporis
1260 286 1458 333 induerit,

202 365 252 392 ac
266 353 419 392 natura
434 352 625 405 quadam
642 352 889 402 donaverit3
912 353 972 392 sic
988 366 1060 392 eas
1077 353 1119 392 in
1140 353 1457 406 Intelligentias

201 458 307 493 nobis
326 457 453 492 formae
471 457 553 500 illae,
573 458 608 491 in
628 469 719 502 quas
739 458 905 500 influunt,
923 458 1170 500 innotuerint;
1197 458 1336 493 scilicet
1359 460 1457 504 quod

200 513 275 548 sint
307 513 422 547 reales
456 512 583 547 formae
612 513 796 557 organicae
813 526 820 554 3
855 524 941 547 nam
970 524 1037 558 per
1066 514 1183 548 reales
1214 514 1335 557 fibras,
1365 515 1458 549 sicut

201 575 329 602 notum
358 574 423 611 est,
453 567 500 602 ab
530 568 635 602 oculo
665 567 697 601 &
731 568 872 602 caeteris
907 568 1092 610 sensoriis,
1123 575 1316 613 surrepunt
1332 582 1340 610 ;
1375 580 1457 614 quae

201 622 338 664 formae,
357 623 611 666 organicarum
630 623 759 667 primae
783 629 843 656 aut
867 622 1057 667 principia,
1076 634 1141 668 per
1163 623 1457 658 modificationes

201 677 290 712 istas
316 677 503 721 docentur,
522 677 554 711 Sc
580 678 817 722 postmodum
842 678 1055 720 excitantur,
1075 678 1122 712 ad
1148 678 1345 712 mutandos
1372 690 1457 713 suos

200 739 329 775 status,
348 743 411 766 seu
428 733 624 766 variandas
644 744 728 767 suas
746 733 894 776 formas,
914 733 1010 767 unde
1028 733 1143 767 reales
1169 733 1457 768 substantiarum

200 787 406 822 activitates
419 794 616 832 exsurgunt
630 801 637 829 ;
663 788 722 822 vix
736 788 840 822 aliter
851 799 895 822 ac
909 788 1133 822 modificatio
1147 789 1253 822 Aeris
1268 789 1304 822 in
1318 790 1456 823 Aurem

201 842 342 888 illapsa,
361 843 393 877 &
412 849 554 877 caeterae
572 843 609 876 in
634 854 701 877 sua
726 843 922 878 Sensoria:
949 843 1039 887 ipsae
1062 845 1245 877 Aurarum
1269 844 1457 878 modifica-

200 898 318 932 tiones
345 905 429 932 sunt
455 899 570 933 reales
600 899 696 933 vires
726 898 867 942 activae,
894 910 976 943 quae
1001 899 1137 933 formas
1164 900 1356 943 organicas
1383 901 1457 934 suis

201 954 448 994 activitatibus
467 954 727 988 convenientes
746 954 905 988 excitant
925 967 930 988 :
961 955 1055 988 sicut
1074 954 1110 988 in
1128 955 1272 989 extimis
1290 955 1402 989 etiam
1420 956 1457 989 in

200 1009 352 1052 intimis,
367 1020 450 1043 cum
464 1010 542 1043 sola
560 1009 766 1043 differentia
783 1009 1059 1053 perfectionum.
1158 1010 1232 1044 Sed
1249 1010 1337 1054 quid
1350 1011 1456 1044 Vita!

201 1075 325 1098 annon
354 1065 476 1099 vivere
505 1071 559 1098 est
586 1065 717 1098 intueri
749 1064 863 1105 fines;
899 1065 970 1099 hoc
1000 1065 1086 1109 quia
1118 1065 1360 1109 Intelligentis
1389 1072 1456 1108 est,

202 1118 375 1163 sequitur,
395 1119 494 1164 quod
515 1120 599 1153 Vita
620 1119 876 1163 Intelligentiae
895 1119 941 1154 sit
959 1119 1086 1153 finium
1104 1120 1248 1154 intuitio
1271 1120 1302 1154 &
1326 1132 1457 1165 reprae-

201 1174 383 1215 sentatio;
410 1174 480 1208 hoc
506 1185 581 1208 non
608 1181 729 1218 potest
753 1174 909 1208 facultas
934 1185 1016 1208 esse
1044 1175 1150 1208 Eritis
1176 1175 1365 1217 naturalis,
1392 1176 1456 1210 sed

203 1227 409 1271 Spiritualis
425 1241 432 1269 ;
460 1239 572 1272 quare
593 1228 803 1272 Spiritualia
821 1235 905 1263 sunt
922 1229 1016 1271 viva,
1035 1229 1067 1262 δι
1087 1230 1185 1263 Fons
1206 1230 1456 1273 Spiritualium

200 1290 256 1317 est
274 1283 438 1316 omnium
456 1284 658 1317 viventium
676 1283 708 1317 ἃ
726 1283 883 1317 vitarum
900 1283 996 1318 Vita.
1038 1285 1089 1318 Ut
1107 1295 1192 1318 vero
1210 1284 1246 1317 hi
1266 1284 1357 1318 fines
1376 1297 1456 1329 pro-

202 1345 418 1372 moveantur
435 1339 472 1372 in
491 1339 654 1381 effectus,
670 1338 702 1372 δε
716 1338 874 1373 existant
890 1350 988 1381 usus,
1003 1349 1094 1383 opus
1112 1346 1167 1373 est
1186 1339 1307 1373 causis
1326 1340 1457 1374 instru-

201 1393 315 1427 menti
333 1393 451 1428 vicem
469 1394 693 1437 gerentibus,
710 1405 793 1438 quae
812 1394 847 1427 in
866 1404 906 1428 se
923 1405 997 1428 non
1014 1394 1149 1436 vivant,
1168 1405 1231 1428 seu
1255 1406 1298 1429 ex
1322 1406 1360 1429 se
1383 1407 1456 1430 non

200 1448 410 1483 intueantur
436 1449 557 1492 finem,
576 1460 702 1483 verum
725 1449 822 1483 nude
844 1460 985 1483 morem
1008 1455 1148 1492 gerant,
1167 1449 1199 1483 δε
1224 1450 1309 1484 vitae
1335 1462 1377 1484 ac
1405 1451 1457 1485 in-

201 1502 413 1547 telligentiae
431 1503 664 1546 famulentur,
681 1503 836 1547 proinde
854 1504 985 1538 natura
1005 1504 1071 1537 sua
1095 1511 1247 1537 mortuae
1265 1516 1271 1537 :
1298 1504 1335 1538 id
1358 1505 1458 1538 lucu-

201 1558 299 1592 lente
340 1558 376 1591 in
410 1558 498 1602 ipsis
534 1558 668 1592 nostris
702 1558 920 1601 actionibus,
955 1558 1088 1602 quibus
1122 1565 1317 1603 utrumque
1351 1559 1455 1603 inest,

202 1619 378 1657 apparet3
405 1613 484 1657 ipsa
510 1613 609 1647 enim
634 1613 730 1646 actio
757 1613 897 1657 absque
923 1613 989 1646 sua
1015 1613 1099 1655 vita,
1126 1618 1182 1647 est
1212 1613 1309 1648 nude
1335 1613 1456 1648 motus

202 1668 462 1710 musculorum,
477 1668 594 1712 qualis
610 1668 805 1711 machinae,
819 1668 885 1701 sed
902 1679 945 1701 ex
963 1668 1034 1701 fine
1054 1679 1117 1701 seu
1136 1667 1211 1701 vita
1228 1668 1330 1702 audit
1347 1669 1456 1710 actio,

203 1734 246 1757 eo
263 1723 462 1766 sublimior,
480 1735 552 1768 quo
570 1723 652 1768 plus
670 1724 767 1766 vitae,
785 1730 847 1757 aut
865 1723 946 1767 plus
972 1723 1173 1767 sapientiae,
1191 1723 1312 1757 eidem
1336 1724 1431 1758 inest
1448 1737 1454 1765 ;

203 1789 316 1823 quare
334 1779 430 1813 actio
445 1790 518 1812 non
533 1778 725 1823 respicitur
739 1790 783 1812 ex
798 1790 864 1812 suo
878 1785 991 1821 motu,
1002 1784 1064 1812 aut
1079 1778 1144 1812 sua
1160 1778 1276 1822 figura
1294 1779 1325 1812 &
1343 1779 1455 1822 vultu,

203 1834 269 1868 sed
301 1834 350 1868 ab
383 1834 583 1868 intentione
615 1833 647 1867 &
676 1833 877 1876 voluntate,
903 1833 941 1867 id
966 1840 1033 1876 est,
1058 1844 1080 1866 a
1106 1832 1189 1876 fine,
1215 1844 1235 1867 e
1260 1845 1332 1878 quo
1359 1835 1456 1868 actio

202 1895 361 1923 emanat.
397 1890 453 1922 Ex
471 1889 526 1922 his
546 1888 643 1931 cluit,
657 1888 756 1933 quod
776 1888 969 1922 Naturalia
986 1888 1084 1922 facta
1102 1888 1186 1932 sint,
1199 1895 1238 1922 ut
1256 1888 1456 1924 inserviant

204 1943 460 1987 Spiritualibus
478 1955 543 1988 pro
563 1955 674 1978 causa
692 1943 959 1977 instrumentali
974 1949 1036 1977 aut
1050 1943 1233 1987 organica.
1270 1944 1456 1987 Similiter,

203 1999 302 2043 quod
320 2005 437 2033 totum
455 1999 544 2033 illud
561 1999 795 2042 Universum,
810 1998 909 2043 quod
929 1998 1003 2032 Soli
1021 1998 1151 2032 Mundi
1166 1999 1371 2043 subjectum
1390 2008 1455 2043 est,

203 2061 366 2088 creatum
392 2055 438 2089 sit
464 2066 486 2088 a
513 2055 692 2099 Supremo
710 2054 805 2088 Vitae
833 2054 960 2095 Fonte,
978 2059 1018 2087 ut
1042 2065 1108 2098 pro
1133 2054 1255 2088 medio
1281 2054 1456 2090 inserviat

203 2110 440 2152 perveniendi
465 2109 513 2143 ad
538 2109 628 2143 fines
654 2109 812 2143 ultimos.
865 2109 908 2141 In
934 2108 1015 2152 ipsa
1040 2108 1164 2142 nostra
1191 2109 1317 2144 Mente
1343 2111 1454 2144 etiam

204 2163 334 2208 aliquis
345 2170 452 2209 typus
463 2164 591 2198 similis
606 2164 800 2197 creationis
814 2170 1105 2208 repraesentatur,
1118 2163 1205 2197 dum
1219 2164 1281 2197 illa
1295 2165 1455 2209 aliquem

204 2217 315 2252 finem
328 2219 495 2253 ultimum
509 2230 592 2253 cum
606 2218 737 2252 mediis
750 2218 1022 2262 complectitur3
1049 2225 1135 2253 tunc
1149 2219 1285 2253 etenim
1299 2219 1455 2254 intendit

205 2273 336 2317 causis,
349 2284 412 2318 per
429 2284 520 2318 quas
539 2273 628 2308 fines
648 2284 732 2308 suos
751 2273 1020 2318 contemplatos
1038 2280 1272 2318 promoveat3
1299 2274 1398 2318 quod
1417 2281 1456 2308 ut
