1835 2672
379 195 422 229 30
619 184 804 219 CAPUT
831 183 1073 228 PRIMUM,
1108 182 1304 218 SECTJO
1337 183 1411 218 [Π.

378 283 545 333 redire;
578 282 616 323 δε
649 283 828 323 demum
861 283 1038 336 propria
1068 282 1220 322 altrice
1251 281 1414 330 relicta,
1441 295 1497 322 ex
1529 294 1648 322 com-

378 352 500 392 muni
519 352 610 404 ejus
628 352 833 405 prosapia
851 358 928 391 aut
945 352 1080 391 domo
1098 352 1262 391 victum
1281 350 1363 390 sibi
1381 350 1649 403 conquirere-

383 421 470 461 Hic
492 421 701 461 naturalis
723 421 850 473 quasi
880 421 1113 460 instinctus
1141 420 1375 472 unicuique
1404 418 1568 472 plantae
1595 418 1651 459 ab

379 491 474 543 ipso
497 491 663 530 semine
685 490 826 529 inerat
845 504 853 540 ;
886 503 989 529 nam
1008 489 1125 529 intus
1143 489 1185 529 in
1203 489 1422 529 seminum
1439 487 1650 541 genitrice

380 560 538 599 natura
554 559 654 599 talis
674 557 849 598 delituit
867 559 987 598 nisus
1006 558 1044 598 ἃ
1059 563 1263 608 conatus;
1285 557 1470 611 proinde
1484 555 1651 609 aliquid

378 629 528 668 vivum
551 628 592 667 in
622 641 710 667 non
738 628 849 676 vivo,
873 640 948 666 seu
979 626 1224 666 animatum
1254 626 1297 666 in
1326 640 1412 666 non
1441 625 1650 673 animato,

380 696 499 749 quod
533 710 579 736 se
608 697 787 736 demum
816 695 1059 735 recluderet
1089 694 1127 735 ἃ
1159 696 1358 748 aperiret.
1421 695 1539 734 Nam
1562 693 1650 734 duo

381 772 484 805 sunt
518 765 746 817 Principia,
776 764 889 804 inter
919 777 965 804 se
997 770 1093 804 toto
1123 764 1233 804 caelo
1266 765 1486 813 distincta,
1514 775 1650 803 unum

383 834 597 875 Naturale
634 835 675 873 in
707 847 752 873 se
781 839 1015 881 mortuum,
1045 833 1232 873 alterum
1267 832 1505 886 Spirituale
1533 833 1577 872 in
1605 845 1652 871 se

380 904 528 944 vivum
547 905 603 955 (q)
624 915 632 951 ;
668 903 780 951 Hoc,
797 901 1142 955 singularissime
1165 901 1207 941 in
1226 902 1484 954 unoquovis,
1502 900 1540 941 81
1558 901 1652 941 uni-

381 973 606 1013 versaliter
640 972 684 1011 in
722 971 928 1011 omnibus
964 984 1165 1024 regnans,
1199 970 1438 1011 efficienter
1469 971 1572 1023 agit,
1604 976 1652 1010 ut

384 1042 554 1082 Natura
577 1053 664 1080 non
688 1039 768 1079 nisi
793 1053 926 1092 quam
949 1053 1051 1079 usus
1074 1040 1256 1092 respiret
1280 1039 1318 1079 &
1341 1039 1553 1088 intendat,
1576 1052 1651 1079 seu

382 1124 515 1150 causa
551 1108 860 1149 subordinetur
895 1122 1051 1157 causae,
1086 1107 1124 1148 81
1161 1109 1223 1148 sic
1258 1108 1352 1161 ipsa
1388 1108 1520 1148 series
1555 1120 1654 1160 pro-

383 1179 607 1233 grediatur
648 1178 704 1218 ad
742 1191 844 1217 suos
885 1177 1077 1218 effectus.
1141 1177 1330 1217 Proinde
1366 1176 1460 1229 jam
1501 1175 1653 1217 Tellus

434 1261 483 1305 (q)
512 1260 621 1305 Quod
646 1260 719 1294 duo
748 1259 934 1304 Principia
959 1259 1054 1293 inter
1077 1270 1116 1293 se
1134 1259 1417 1293 distinctissima
1435 1259 1519 1303 sint,
1537 1269 1653 1292 unum

386 1316 577 1357 Naturale,
593 1315 745 1348 alterurn
763 1314 972 1358 Spirituale,
986 1325 1029 1348 ex
1047 1314 1231 1357 omnibus,
1248 1314 1309 1359 qui
1325 1321 1536 1359 sequuntur,
1549 1314 1654 1356 locis,

385 1382 425 1405 se
443 1371 564 1415 ipsum
584 1370 771 1404 concludit
790 1369 822 1403 δι
841 1369 1071 1403 demonstrat
1088 1382 1096 1411 ;
1122 1376 1199 1404 turn
1219 1369 1318 1414 quod
1345 1370 1524 1404 Naturale
1546 1379 1654 1403 suum

385 1434 507 1460 ortum
524 1438 547 1460 a
567 1426 652 1460 Sole
674 1425 818 1467 Mundi,
840 1425 1037 1469 Spirituale
1054 1436 1141 1459 vero
1155 1436 1178 1459 a
1198 1425 1316 1459 Fonte
1334 1425 1449 1469 ipsius
1466 1425 1575 1469 Vitae,
1590 1435 1654 1459 seu

388 1483 569 1526 Supremo
596 1480 772 1523 Numine,
791 1480 1004 1514 immediate
1029 1486 1161 1514 sumat.
1211 1481 1295 1524 Jam
1317 1480 1428 1514 modo
1447 1480 1548 1514 filum
1567 1491 1602 1514 n.
1621 1479 1653 1514 6.

385 1544 460 1571 not.
477 1536 523 1580 (b)
541 1536 729 1579 inceptum
744 1535 855 1568 velim
869 1546 1054 1569 resumere
1073 1535 1105 1569 ἃ*
1123 1536 1349 1578 continuare,
1364 1535 1426 1569 ubi
1445 1535 1491 1570 de
1505 1536 1656 1569 Formis

386 1592 549 1625 Λάίῖινα]
566 1598 690 1624 actum
709 1596 775 1632 est,
788 1589 820 1623 &
835 1590 986 1634 quidem
1001 1590 1130 1624 ultimo
1145 1590 1190 1624 de
1205 1591 1377 1635 suprema
1391 1590 1481 1635 ejus,
1495 1590 1656 1624 Coelestis

387 1648 488 1682 dicta
504 1660 510 1681 :
549 1646 621 1680 illae
653 1646 810 1688 Formae,
840 1656 904 1679 seu
937 1645 984 1679 ab
1013 1646 1072 1680 his
1100 1652 1139 1680 ut
1169 1646 1319 1680 Viribus
1353 1653 1495 1680 naturae
1523 1645 1655 1680 activis

387 1702 553 1736 oriundae
571 1701 854 1744 Atmosphaerae,
871 1708 954 1734 sunt
973 1712 1103 1735 omnes
1119 1701 1343 1745 inanimatae,
1356 1701 1449 1735 sicut
1464 1701 1555 1734 nihil
1568 1712 1655 1743 non,

387 1758 487 1803 quod
517 1769 539 1791 a
576 1757 670 1799 Sole,
701 1757 762 1800 qui
792 1757 1017 1790 naturalium
1046 1757 1128 1790 fons
1158 1762 1225 1799 est,
1256 1763 1377 1791 ortum
1407 1768 1514 1790 suum
1543 1756 1654 1791 ducit.

387 1814 526 1847 Verum
539 1824 649 1857 supra
660 1812 757 1845 hanc
773 1813 947 1845 Formam
966 1812 1119 1846 Naturae
1133 1823 1357 1856 supremam,
1369 1823 1432 1846 seu
1449 1812 1657 1855 Caelestem,

387 1876 444 1903 est
464 1870 600 1902 Forma
614 1874 791 1912 perpetuo
809 1867 989 1911 Caelestis,
1004 1878 1069 1901 seu
1086 1867 1433 1910 SPIRITUALIS,cui
1452 1867 1543 1901 nihil
1560 1867 1656 1902 inest

388 1925 459 1959 nisi
480 1924 683 1965 Infinitum,
702 1935 745 1956 ex
763 1923 992 1957 eradiatione
1011 1923 1126 1967 ipsius
1147 1923 1243 1957 Solis
1269 1923 1376 1966 Vitae,
1396 1923 1490 1957 sicut
1512 1929 1655 1957 caeterae

388 1981 436 2014 ab
454 1979 682 2014 eradiatione
703 1978 798 2012 Solis
822 1978 964 2019 Mundi,
985 1978 1190 2012 scaturiens
1206 1991 1214 2019 ;
1242 1989 1324 2023 quae
1342 1978 1428 2022 quia
1444 1977 1657 2012 immediate

389 2036 467 2070 fluit
490 2035 538 2069 ab
567 2034 717 2067 Infinito
744 2044 807 2067 seu
834 2034 882 2067 ab
909 2033 988 2077 ipso
1015 2034 1108 2075 Deo,
1129 2034 1189 2078 qui
1209 2034 1308 2068 solus
1333 2035 1426 2076 EST,
1445 2033 1528 2067 ideo
1553 2033 1590 2067 in
1617 2045 1657 2068 se

389 2091 501 2132 vivit3
528 2096 656 2134 estque
676 2089 738 2122 illa
762 2100 845 2133 quae
871 2089 1028 2122 Animas
1055 2089 1258 2123 viventium
1283 2089 1332 2122 ad
1358 2100 1434 2123 suae
1459 2088 1544 2122 vitae
1568 2099 1657 2123 usus

389 2146 550 2185 animat3
578 2155 651 2177 non
671 2143 770 2187 quod
789 2143 925 2176 Anima
943 2143 1160 2177 universalis
1175 2143 1232 2187 sit,
1247 2143 1312 2178 sed
1326 2143 1496 2176 animans
1515 2154 1557 2177 ea
1575 2155 1658 2188 quae

389 2201 437 2235 ad
468 2199 715 2244 receptionem
746 2199 831 2232 vitae
861 2206 949 2232 nata
979 2199 1150 2243 factaque
1176 2205 1282 2241 sunt;
1318 2198 1533 2243 unaquaevis
1559 2200 1659 2234 enirn

388 2256 525 2290 Anima
542 2262 597 2289 est
618 2253 835 2289 Substantia
852 2264 918 2297 per
936 2264 986 2297 se,
1001 2265 1094 2299 quae,
1115 2254 1208 2288 sicut
1229 2253 1413 2288 Essentiae
1431 2254 1618 2289 naturales
1636 2265 1659 2288 a

390 2312 465 2346 suis
492 2310 615 2354 Auris,
642 2310 691 2344 ita
721 2309 802 2343 haec
831 2320 854 2343 a
884 2309 962 2353 sua,
991 2317 1028 2344 ut
1058 2310 1172 2343 vitam
1203 2321 1308 2344 suam
1337 2309 1451 2352 vivat,
1481 2316 1659 2355 perpetuo

388 2367 576 2402 excitatur.
