1835 2672
396 146 438 180 32
803 138 949 173 PARS
979 138 1254 182 SECUNDA,

392 234 473 275 sub
495 235 653 276 intuitu
676 236 840 277 Mentis
862 236 1181 286 intellectualis,
1205 251 1291 277 non
1317 237 1430 278 sicut
1460 237 1655 279 Effectus

392 304 435 343 in
458 304 578 344 ideas
598 305 721 355 versi,
739 305 815 345 sed
838 306 947 346 sicut
966 306 1094 355 Usus,
1112 306 1278 359 absque
1295 312 1462 347 naturae
1477 307 1653 356 amictu,

392 379 605 426 apparent
623 387 632 424 ;
656 387 758 414 nam
781 380 931 414 contra
952 374 1067 415 hunc
1085 374 1297 416 Ordinem
1321 381 1397 425 est,
1417 381 1465 415 ut
1487 375 1653 428 aliquid

393 454 572 494 corpore
604 442 819 492 indutum,
852 442 1070 496 sphaeram
1105 457 1273 492 usuum,
1297 457 1371 484 seu
1409 443 1653 494 Caelestem,

392 510 635 552 subintret:
669 511 730 551 Hi
767 511 955 564 denique
989 512 1118 561 Usus,
1150 513 1231 552 sub
1266 513 1426 553 intuitu
1460 512 1651 561 Animae,

393 592 480 618 non
511 579 623 620 sicut
657 579 786 629 Usus,
819 580 895 620 sed
931 580 1042 620 sicut
1079 581 1221 629 Fines,
1256 582 1329 634 qui
1365 581 1421 621 ad
1460 581 1653 623 Unicum

392 646 526 697 illurn,
548 662 622 688 seu
653 648 708 689 ad
741 648 935 689 Gloriam
964 648 1178 701 Supremi,
1199 649 1486 699 contendunt,
1509 649 1568 689 sic
1589 650 1654 702 ip-

392 715 563 756 sissima
585 718 663 756 sua
684 717 773 757 vita
796 716 959 766 donati,
977 730 1083 769 pure
1106 718 1400 770 inspiciuntur.
1464 718 1547 766 Ita,
1566 731 1653 758 non

391 782 527 832 aliter,
564 783 768 823 ultimum
808 783 863 823 ad
903 797 1030 823 suum
1071 784 1274 836 primum,
1313 784 1352 824 &
1389 785 1561 825 Natura
1596 786 1652 826 ad

392 865 516 892 suam
538 852 701 901 Vitam,
725 850 879 892 refluit.

455 928 544 971 105.
578 919 666 961 Sed
688 926 735 960 ut
756 919 850 960 haec
867 933 1017 973 sparsa
1033 919 1126 972 jam
1145 921 1187 960 in
1206 934 1424 962 summam
1442 921 1626 963 referam
1643 937 1652 974 3

391 989 452 1028 ita
471 988 648 1029 Ordinis
670 988 798 1041 hujus
817 989 961 1041 Gyrus
979 988 1177 1039 volvitur,
1195 990 1360 1030 scilicet
1380 1004 1406 1030 a
1425 990 1654 1044 Supremo,

392 1057 465 1110 qui
489 1064 554 1098 est
577 1057 804 1110 Ipsissima
825 1058 940 1107 Vita,
962 1072 1040 1111 per
1060 1059 1254 1099 Unicum
1276 1072 1402 1099 suurn
1424 1059 1654 1110 Amorem,

393 1126 431 1167 ἃ
466 1127 527 1166 sic
559 1140 636 1180 per
665 1127 801 1167 vitam
836 1126 1098 1178 Caelestem;
1132 1126 1170 1167 &
1207 1128 1262 1168 ab
1297 1127 1379 1168 hac
1409 1141 1486 1181 per
1515 1129 1652 1169 vitam

392 1195 648 1244 naturalem,
672 1196 714 1235 in
748 1195 887 1248 ipsam
924 1196 1171 1237 Naturam:
1204 1196 1242 1236 ἃ
1275 1203 1380 1237 tunc
1406 1211 1574 1238 rursum
1598 1198 1654 1238 ab

391 1263 484 1312 hac,
518 1277 595 1318 per
627 1264 812 1304 eandem
847 1264 999 1305 Vitam
1034 1264 1277 1306 naturalem
1312 1265 1367 1305 ad
1406 1265 1651 1316 Caelestem‚

392 1333 468 1373 sed
511 1347 587 1386 per
625 1334 855 1374 continuas
897 1334 1156 1384 exuitiones,
1192 1334 1230 1375 &
1267 1335 1328 1375 sic
1364 1348 1441 1388 per
1475 1335 1652 1375 unicum

391 1401 618 1452 Amorem,
641 1403 697 1442 ad
722 1401 997 1455 Supremum,
1014 1417 1088 1443 seu
1110 1404 1165 1444 ad
1190 1403 1455 1456 ipsissimam
1476 1403 1626 1444 Vitam
1647 1420 1655 1445 ε

394 1470 464 1510 Ita
499 1471 680 1510 vertitur
715 1471 911 1511 omnium
949 1472 1090 1520 cardo,
1131 1471 1169 1511 ἃ
1211 1472 1419 1525 panditur
1454 1472 1591 1525 janua
1628 1486 1654 1513 a

392 1539 497 1579 Vita
520 1538 557 1578 ἃ
581 1539 637 1579 ad
656 1539 820 1589 Vitam,
843 1545 976 1592 atque
1005 1539 1182 1580 Ordinis
1210 1540 1340 1592 hujus
1369 1547 1654 1594 perpetuatur

393 1621 537 1660 gyrus,
561 1621 638 1660 per
658 1607 798 1648 solum
821 1607 1035 1648 Amorem
1058 1622 1132 1648 seu
1167 1609 1459 1661 Unigenitum
1493 1609 1652 1663 Supre-

394 1677 480 1726 mi;
512 1690 590 1729 per
611 1675 767 1729 Quem,
791 1675 828 1716 &
851 1683 1029 1730 propter
1051 1676 1206 1730 Quem,
1229 1678 1386 1718 omnia.

456 1743 544 1784 106.
582 1743 671 1785 Sed
719 1750 956 1797 antequam
1006 1744 1119 1784 hanc
1167 1758 1385 1784 summam
1435 1745 1652 1786 subducta

393 1813 588 1854 clausero
628 1813 753 1862 linea,
793 1813 923 1854 velim
971 1814 1309 1866 descriptionem
1351 1813 1485 1854 felicis
1533 1814 1650 1855 Vitae

394 1895 555 1930 eorum,
577 1882 650 1934 qui
684 1881 800 1922 hunc
833 1882 1030 1922 ordinem
1065 1882 1228 1931 vivunt,
1254 1883 1388 1922 modo
1417 1883 1650 1932 recensitis,

393 1963 472 2003 pro
505 1949 709 1999 clausula,
738 1950 1068 2001 subinnectere3
1105 1951 1257 1990 vivunt
1293 1951 1408 1990 enim
1451 1951 1651 2001 eandem,

393 2031 526 2071 quarn
550 2018 643 2057 Nos
667 2018 892 2071 Indigenae
915 2019 1033 2069 Caeli,
1055 2019 1132 2059 sed
1164 2019 1430 2069 Humanam,
1453 2019 1556 2072 quia
1587 2021 1651 2061 in-

395 2087 489 2127 duti
507 2087 700 2139 Corpore
720 2100 729 2137 ;
750 2087 811 2127 ita
833 2088 875 2127 in
897 2087 1097 2128 tellurem
1117 2088 1247 2136 missi,
1265 2093 1312 2127 ut
1333 2087 1473 2127 ultimi
1494 2088 1650 2129 Mundi

394 2155 587 2204 lautitiis,
612 2155 717 2195 dum
749 2156 877 2196 simul
909 2156 1043 2209 ipsius
1076 2156 1182 2197 Caeli
1214 2156 1523 2206 faustitatibus‚
1555 2171 1652 2210 per-

394 2224 619 2274 fruantur;
659 2237 756 2276 quae
788 2224 955 2276 junctae
992 2224 1145 2277 plenas
1180 2225 1354 2277 pariunt
1390 2224 1573 2275 delitias,
1611 2225 1650 2266 &

394 2293 692 2334 amaenitatem
722 2293 857 2334 totius
890 2293 1068 2335 Ordinis
1094 2293 1260 2334 cunctis
1288 2293 1485 2334 sensibus
1507 2293 1650 2335 decla-
