1835 2672
340 146 404 172 122
543 137 727 173 CAPUT
757 138 1075 183 SECUNDUM,
1110 139 1305 174 SECTIO
1337 139 1413 174 III.

336 236 523 278 Unionis
539 250 612 277 seu
631 236 851 278 Connubii
868 237 1029 278 faedera
1043 238 1269 278 lustranda
1283 242 1404 288 sunt;
1422 236 1596 287 exinde,

336 305 448 346 sicut
470 306 512 345 in
535 305 641 356 luce,
664 307 940 360 apparebunt
964 308 1154 347 rationes
1173 306 1468 357 dissidentiae;
1501 319 1600 359 quae

339 380 388 415 ut
409 381 601 428 pateant,
625 375 668 415 in
691 376 948 416 memoriam
979 390 1181 416 revocare
1209 375 1354 425 velim,
1376 374 1600 428 quomodo

336 442 515 493 Anima,
538 444 683 484 Mater
704 450 864 495 nostra,
890 445 1089 485 Mentem
1114 450 1236 485 tuam
1266 458 1323 484 ex
1352 444 1493 497 primo
1521 457 1600 484 suo

338 513 527 554 stamine
555 514 755 566 concepit
787 512 825 553 &
855 512 1084 564 formavit,
1117 513 1159 554 id
1191 513 1306 553 enim
1335 512 1470 554 oculis
1493 512 1601 552 meis

335 582 559 634 conspexi,
592 596 642 622 ac
681 582 724 622 id
761 582 903 622 adhuc
937 582 1056 623 velut
1092 595 1283 635 praesens
1318 582 1457 630 video,
1496 594 1598 621 nam

337 649 521 691 inhaeret
545 650 662 700 mihi,
684 651 807 703 quasi
830 650 1043 691 infixum:
1095 651 1178 692 IIIa
1201 657 1306 691 tunc
1328 651 1517 704 primum
1541 664 1599 691 ex

335 718 475 771 adyto
490 733 580 767 suo,
596 718 652 759 ad
671 718 861 769 Oculum,
872 718 965 771 jam
980 725 1116 769 tuum,
1130 733 1176 759 se
1190 719 1377 768 demisit,
1388 718 1600 771 imagines

336 800 411 827 seu
433 787 647 827 formosas
671 787 865 828 Paradisi
887 788 1064 841 specieS‚
1082 788 1267 828 totidem
1287 787 1462 828 luminis
1478 787 1600 827 istius

336 855 575 908 repercussi
606 854 798 901 effectus,
822 855 1072 908 excipiendi
1101 855 1139 896 81
1166 855 1403 908 recipiendi
1431 855 1598 908 gratia;

336 924 527 973 memini,
548 925 652 977 quia
680 924 822 977 prima
849 930 955 964 natu
988 923 1313 976 Sapientiarum
1343 937 1452 974 sum,
1481 923 1598 976 quod

337 993 560 1046 Imagines
596 993 703 1042 istae,
738 993 865 1043 illico,
899 999 947 1033 ut
980 992 1131 1033 limina
1167 992 1290 1033 istius
1327 993 1463 1046 postis
1499 1006 1601 1032 con-

334 1062 566 1114 tingerent,
604 1062 711 1115 ipsae
754 1061 922 1101 miratae
963 1061 1060 1110 sint,
1103 1062 1220 1115 quod
1263 1075 1309 1101 se
1349 1062 1392 1101 in
1433 1061 1601 1114 species

335 1131 545 1180 idearum,
576 1144 633 1171 ex
663 1130 758 1170 solo
788 1136 956 1170 attactu
986 1130 1024 1170 &
1054 1129 1202 1170 afflatu
1238 1129 1394 1170 Matris
1427 1135 1599 1178 nostrae,

334 1213 567 1240 conversas
584 1199 785 1249 viderint,
801 1199 1053 1248 sentientes,
1072 1199 1190 1252 quod
1208 1198 1282 1239 illa
1302 1198 1466 1251 aliquid
1487 1198 1599 1247 vitae,

335 1282 392 1309 ex
411 1274 594 1318 suamet,
609 1267 839 1309 infuderit:
872 1268 982 1308 Mox
1002 1267 1258 1308 reformatas
1275 1267 1370 1307 illas
1387 1267 1600 1320 imagines

334 1350 410 1378 seu
455 1337 596 1386 Ideas,
636 1350 773 1390 usque
815 1337 858 1376 in
901 1337 1060 1377 atrium
1101 1337 1163 1376 tui
1205 1336 1446 1385 Heliconis,
1481 1335 1599 1389 quod

334 1406 552 1446 Memoria
585 1405 753 1455 dicitur,
789 1405 1038 1446 transtulit:
1068 1405 1353 1458 postmodum
1387 1418 1490 1445 vero
1526 1417 1600 1444 eas

335 1475 378 1515 in
430 1475 679 1517 Sacrarium
731 1481 941 1523 nostrum,
983 1487 1058 1514 seu
1102 1474 1344 1527 Olympum
1384 1479 1599 1521 evocatas,

335 1543 485 1584 osculo
521 1556 635 1583 novo
678 1542 717 1583 ἃ
754 1542 978 1596 amplexu,
1012 1543 1214 1595 excepit;
1260 1541 1298 1582 ἃ
1334 1541 1597 1591 reminiscor,

336 1626 437 1653 nam
461 1626 485 1652 a
507 1613 591 1652 risu
614 1611 691 1651 vix
714 1625 784 1651 me
807 1611 1084 1651 admoderari
1107 1611 1241 1663 potui,
1258 1610 1376 1663 quod
1399 1611 1599 1663 ipsaemet

335 1681 420 1722 illae
443 1680 572 1731 Ideae,
596 1680 702 1720 dum
724 1680 892 1733 seipsas
915 1679 952 1720 ἃ
977 1680 1116 1720 socias
1138 1685 1290 1720 mutuo
1317 1679 1599 1728 intuerentur,

336 1764 383 1791 se
412 1750 570 1790 iterum
608 1763 688 1789 nec
723 1755 904 1802 possent
940 1750 1207 1802 dignoscere,
1240 1761 1341 1788 nam
1377 1761 1423 1787 se
1459 1753 1597 1788 trans-

337 1819 549 1859 sormatas
579 1818 621 1858 in
649 1817 881 1871 superioris
911 1823 1078 1858 naturae
1109 1817 1251 1866 Ideas,
1280 1815 1512 1857 rationales
1547 1830 1597 1857 ac

338 1887 666 1935 intellectuales,
689 1887 840 1936 dictas,
860 1886 1159 1940 percipiebant
1179 1900 1187 1926 :
1216 1899 1273 1926 ex
1301 1885 1368 1925 his
1395 1886 1596 1938 denique,

336 1957 559 2005 societate,
584 1957 625 1996 in
657 1969 791 1995 unum
821 1955 943 2008 quasi
973 1956 1152 2007 Corpus,
1170 1954 1346 2007 junctis,
1369 1967 1492 1994 novae
1519 1967 1597 1993 ex-

336 2027 542 2067 stiterunt
564 2025 726 2072 formae,
745 2024 965 2065 Veritates
987 2029 1261 2077 nuncupatae,
1283 2037 1339 2063 ex
1361 2022 1530 2076 quibus,
1548 2028 1598 2063 ut

338 2094 606 2144 Parentibus,
633 2094 784 2146 genuit
815 2093 1145 2146 IntelligentiaS‚
1173 2106 1271 2145 quae
1299 2105 1398 2133 cum
1427 2091 1598 2132 adoles-

335 2170 494 2213 cerent,
538 2162 777 2216 Sapientiae
820 2162 958 2212 factae,
997 2162 1035 2203 &
1077 2161 1288 2210 mihimet,
1328 2166 1376 2201 ut
1415 2173 1596 2210 sorores,

335 2232 559 2286 adjunctae
579 2238 706 2272 sunt:
739 2245 796 2272 ex
818 2231 885 2271 his
906 2232 1034 2271 Mens
1056 2237 1142 2280 tua,
1161 2243 1259 2283 quae
1284 2228 1596 2269 Intellectualis

336 2301 505 2350 dicitur,
526 2300 564 2341 &
587 2313 685 2353 quae
707 2301 833 2354 sapit,
853 2300 1083 2341 efformata
1100 2305 1174 2339 est.
1218 2298 1328 2339 Inde
1349 2298 1472 2352 potui
1494 2310 1595 2339 con·
1614 2335 1625 2345 ,
