1783 2760
627 211 706 245 DE
737 211 1028 247 PARADJSO.
1420 224 1459 258 19

201 309 333 349 etiam
371 308 488 357 Dies,
525 309 599 361 qui
633 309 744 349 sicut
781 309 914 357 Anni,
949 323 1026 362 per
1059 310 1219 350 celeres
1250 324 1459 360 versuras,

200 377 498 417 diuturnitatis
537 377 647 417 vires
689 377 975 430 frangebant3
1025 384 1071 418 ut
1112 378 1300 431 primum
1342 380 1458 419 enirn

200 445 373 486 Aurora
403 446 563 486 retexit
594 446 736 494 Diem,
769 445 883 485 hunc
914 460 1002 486 non
1034 446 1202 500 fugavit
1240 448 1458 497 Meridies,

201 514 276 554 sed
314 528 391 567 per
425 514 607 554 celerem
645 514 871 567 delapsum
909 515 952 554 in
983 514 1236 567 Vesperam,
1270 516 1457 556 eundem

201 583 387 632 reduxit,
405 582 442 622 &
465 596 542 635 per
557 582 724 635 aliquot
742 588 967 622 momenta
984 583 1149 631 Noctis,
1165 583 1221 623 ad
1239 582 1457 624 Auroram

201 651 348 692 retulit
366 652 404 692 &
421 651 684 691 transmisit:
706 651 767 690 sic
784 651 916 691 etiam
941 651 1094 704 Frigus
1118 666 1204 692 non
1228 653 1459 705 rumpebat

200 719 387 760 calorem
423 720 518 767 diei,
542 719 616 760 sed
647 720 779 759 modo
807 720 1093 772 temperabat,
1117 720 1155 760 ἃ
1183 734 1260 773 per
1286 727 1458 773 gratam

199 788 546 837 alternationem,
569 801 668 828 eum
691 788 813 841 quasi
836 802 934 828 cum
963 788 1150 838 foenore,
1173 790 1214 828 in
1244 789 1458 842 gremium

198 855 395 906 Aurorae,
418 857 678 897 remittebat.
742 857 811 897 Ita
834 858 991 906 omnia,
1015 871 1113 910 quae
1136 859 1265 910 spatii
1290 858 1327 898 ἃ
1349 864 1459 898 tem-

198 926 314 978 poris
329 931 462 974 erant,
473 931 563 965 tam
580 925 776 965 maxima
789 939 921 978 quam
936 926 1128 974 minima,
1138 926 1458 978 conspirabant,

199 1000 246 1034 ut
277 994 407 1035 Orbis
439 1001 587 1034 noster
614 993 766 1034 florem
796 1007 886 1034 suae
913 994 1066 1042 aetatis,
1089 1008 1163 1034 seu
1197 1002 1458 1048 perpetuum

198 1062 298 1112 Ver,
322 1063 630 1115 ingrederetur.

262 1131 387 1184 17(a).
422 1131 515 1171 Nec
544 1130 685 1171 solum
715 1131 938 1184 Tempora
967 1131 1005 1172 &
1035 1131 1199 1184 Spatia,
1223 1132 1299 1172 sed
1324 1133 1456 1173 etiam

198 1199 334 1240 Astra
386 1200 506 1247 Caeli,
547 1198 883 1252 Atmosphaerae,
927 1200 1107 1252 ipsaque
1150 1200 1313 1250 Tellus,
1355 1214 1457 1242 con-

197 1269 437 1320 junxerunt
448 1282 613 1320 operaS,
624 1274 670 1307 ut
680 1268 779 1307 talis
792 1268 951 1308 Vernae
965 1268 1116 1308 similis
1128 1269 1456 1321 Temperatura,

200 1334 307 1375 Orbi
329 1335 371 1374 in
388 1335 468 1373 hac
486 1348 563 1374 sua
581 1334 770 1374 statione
788 1334 985 1382 moranti,
1001 1334 1297 1375 induceretur:
1321 1335 1459 1376 Aslm

199 1403 314 1442 enim
336 1402 445 1451 Caeli,
460 1416 536 1455 per
552 1416 759 1455 properos
777 1408 897 1442 ortus
914 1403 1247 1456 praecipitesque
1267 1418 1457 1453 occasus,

196 1512 320 1547 medio
345 1518 489 1546 tenetur
515 1511 645 1556 spatio,
663 1510 697 1546 ὃς
722 1511 845 1545 media
871 1512 1131 1556 circumagitur
1156 1514 1360 1556 velocitate,
1379 1515 1459 1559 ipse

197 1569 328 1602 humor
345 1568 433 1602 tubo
452 1568 624 1610 inclusus,
643 1578 712 1601 nec
731 1567 804 1601 alte
827 1567 937 1601 nimis
962 1568 1141 1612 ascendit,
1160 1579 1228 1603 nec
1253 1569 1325 1603 alte
1348 1570 1458 1604 nimis

197 1622 397 1666 descendit,
408 1622 472 1656 sed
484 1622 676 1666 temperati
688 1622 781 1656 aeris
793 1622 949 1665 gradum
961 1629 1117 1667 occupat
1129 1636 1137 1664 3
1156 1616 1458 1669 quandoquidem

196 1689 264 1712 nec
292 1678 400 1711 Calor
425 1688 509 1712 eum
534 1677 665 1722 poterit
691 1677 857 1720 evehere,
875 1688 943 1711 nec
972 1678 1101 1721 Frigus
1129 1678 1358 1723 deprimere;
1385 1679 1458 1714 dis-

195 1733 322 1767 tantiae
347 1733 446 1767 enim
472 1732 504 1766 &
530 1732 739 1775 celeritatis,
759 1743 823 1766 seu
849 1733 958 1777 spatii
983 1733 1015 1766 δε
1041 1734 1228 1778 temporis,
1252 1740 1347 1777 sunt,
1375 1746 1457 1778 quae

195 1788 275 1822 haec
294 1788 540 1821 moderantur.
592 1787 767 1820 Similiter
790 1786 903 1820 etiam
928 1787 957 1820 si
983 1787 1067 1820 Diei
1091 1788 1229 1821 lumina
1253 1788 1285 1821 δε
1308 1789 1457 1822 umbras

195 1853 261 1885 per
277 1841 489 1886 lampadem
507 1841 640 1875 rotatili
659 1840 825 1884 cylindro
840 1841 1042 1885 alligatum,
1057 1842 1147 1875 velis
1163 1842 1339 1883 aemulari,
1354 1842 1386 1876 Sc
1405 1843 1458 1876 sic

195 1897 293 1931 idem
312 1896 490 1941 experiri3
517 1896 682 1940 cylindro
701 1896 800 1929 enim
819 1907 903 1929 cum
927 1896 1100 1940 lampade
1124 1898 1196 1930 cito
1221 1897 1456 1940 circumacto,

194 1951 318 1986 lumen
337 1962 410 1985 non
428 1952 645 1995 disparatur,
665 1950 731 1985 sed
749 1961 832 1984 cum
850 1950 973 1985 media
990 1951 1151 1995 quadam
1173 1952 1253 1985 luce
1277 1959 1339 1986 aut
1363 1952 1456 1999 face,

195 2000 334 2040 circum
358 2012 475 2040 totam
498 2005 758 2050 peripheriam,
782 2005 1041 2040 continuatur:
1067 2006 1173 2040 aliter
1199 2007 1228 2040 si
1254 2007 1352 2041 lente
1377 2014 1457 2041 rota

195 2061 275 2096 haec
295 2061 600 2096 circumvolvitur.
653 2060 828 2094 Similiter
846 2060 882 2094 in
902 2061 1048 2095 Tellure
1067 2062 1204 2103 nostra,
1223 2062 1372 2106 quando
1396 2062 1457 2096 illa

194 2117 318 2151 medio
334 2117 453 2161 spatio
466 2128 489 2150 a
503 2117 590 2151 Sole
603 2116 761 2158 abesset,
777 2127 934 2161 cumque
948 2116 1025 2160 ejus
1044 2117 1142 2150 Anni
1160 2118 1219 2150 vix
1236 2117 1323 2151 dum
1342 2118 1455 2152 nostri

195 2172 370 2215 temporis
391 2172 554 2214 Menses,
572 2182 615 2205 ac
632 2171 711 2214 ejus
732 2171 823 2205 Dies
840 2171 901 2204 vix
921 2171 1010 2204 dum
1034 2178 1162 2206 nostra
1186 2172 1337 2206 Bihoria
1361 2184 1457 2217 aeqa-

194 2232 285 2260 rent.
335 2226 488 2270 Antiqui
506 2226 617 2260 etiam
638 2225 843 2269 Sapientes,
861 2236 1061 2270 eorumque
1080 2227 1271 2269 Cantores‚
1289 2227 1458 2261 similiter

195 2287 352 2325 quatuor
366 2281 464 2314 Anni
489 2281 674 2325 Tempora
698 2280 976 2323 contrahebant,
994 2280 1026 2314 δι
1050 2281 1102 2315 sic
1125 2288 1343 2326 perpetuum
1367 2282 1457 2315 illud

195 2336 279 2379 Ver,
305 2335 408 2380 cujus
433 2336 660 2370 mentionem
687 2335 835 2378 faciunt,
862 2335 1172 2377 introducebant;
1202 2337 1331 2380 ignari,
1357 2337 1457 2381 quod

195 2390 246 2424 ita
262 2391 450 2435 provisum
464 2397 571 2434 esset,
585 2397 624 2424 ut
642 2389 679 2424 id
693 2389 817 2424 media
830 2390 962 2424 natura
975 2390 1147 2425 effectum
1162 2398 1455 2435 consequeretur.
