1835 2672
347 130 394 165 60
558 129 742 165 CAPUT
770 129 1089 172 SECUNDUM,
1124 127 1318 162 SECTJO
1350 126 1404 161 II.

348 228 501 278 lucem,
523 228 604 269 sub
628 228 917 276 observantia,
943 227 980 268 ἃ
1010 227 1140 281 pleno
1170 226 1303 280 ipsius
1328 224 1519 274 Animae,
1541 223 1607 264 sui

348 296 618 346 formatricis,
661 297 970 346 moderamine,
1011 297 1123 337 sicut
1168 295 1393 336 delitiosus
1435 294 1606 342 mimus,

349 366 522 419 agebat,
541 366 578 406 ἃ
595 367 770 406 tametsi
794 380 973 419 corpore
996 365 1038 405 id
1061 365 1269 414 nesciens,
1288 376 1424 416 usque
1447 362 1609 415 placita

352 434 391 475 &
419 435 527 475 scita
556 435 648 487 ejus
677 434 895 475 imbecillo
927 441 1026 474 actu
1055 433 1287 487 effigiabat,
1312 432 1349 472 ἃ
1377 430 1610 485 gesticula-

351 503 481 543 batur
500 519 510 555 ;
540 504 583 543 in
605 517 656 544 eo
679 518 703 544 a
724 503 992 556 posteritatis
1015 517 1104 543 suae
1131 508 1257 551 sorte,
1281 500 1319 541 &
1348 499 1611 553 impotentia

351 574 522 626 agendi,
547 574 588 613 in
612 574 699 613 suis
721 573 978 621 tenerrimis,
999 585 1173 625 prorsus
1191 576 1424 623 exemptus
1438 567 1492 623 (c)
1511 585 1519 610 :
1548 570 1610 609 ita

351 647 470 682 totus
493 649 692 695 quantus,
708 642 883 691 Anima,
901 642 981 681 sub
1004 641 1194 694 imagine
1214 639 1399 680 Infantis
1418 639 1610 691 Corpore

350 711 502 761 induti,
523 712 722 761 vivebat;
755 710 828 751 illa
856 710 970 750 enim
999 724 1075 762 per
1101 723 1201 749 suos
1230 708 1365 761 quasi,
1390 721 1477 747 non
1505 706 1610 760 ejus,

351 779 510 829 oculos,
536 780 728 820 Paradisi
752 785 1003 819 venustates
1026 777 1459 831 pellucere,videbat‚
1475 788 1609 828 seque

354 862 441 888 non
483 862 540 888 ex
579 847 818 888 harmoniis
853 847 1100 895 effectuum,
1137 847 1214 886 sed
1248 860 1305 886 ex
1335 845 1612 898 jucunditate

353 931 521 967 usuum,
545 916 583 957 ἃ
606 918 649 957 in
672 917 721 957 iis
751 915 1061 968 contemplatae
1090 914 1308 962 bonitatis,
1331 913 1611 964 oblectabat;

351 986 592 1026 secundum
623 986 717 1038 ipsa
749 985 842 1038 ejus
871 985 1174 1033 oblectamina,
1205 983 1338 1023 etiam
1375 982 1610 1022 ocellorum

352 1054 445 1106 ejus
459 1053 638 1107 pupillae
657 1054 694 1094 ἃ
712 1054 850 1101 irides,
867 1052 1056 1106 igniculo
1073 1051 1341 1105 effulgebant
1358 1064 1366 1091 ε
1398 1051 1611 1091 Animam

353 1124 469 1163 enim
493 1123 651 1163 nullius
674 1123 834 1175 objecti
858 1136 960 1162 usus
989 1122 1106 1171 latet,
1132 1134 1233 1161 nam
1264 1120 1412 1160 omnia
1439 1134 1497 1160 ex
1525 1119 1612 1160 fine

355 1191 393 1233 ἃ
414 1198 581 1233 naturae
600 1192 821 1245 principiis
843 1190 1175 1244 contemplatur,
1191 1190 1290 1230 ideo
1311 1203 1367 1229 ex
1383 1202 1611 1229 causarum

403 1302 446 1346 (c)
474 1302 690 1337 Animantia
715 1303 833 1344 bruta,
861 1313 944 1347 quae
972 1301 1009 1335 in
1036 1301 1186 1346 plenam
1213 1300 1360 1334 Animae
1383 1310 1460 1334 suae
1488 1298 1612 1333 obedi-

354 1358 492 1392 entiam
518 1364 729 1399 nascuntur‚
754 1369 776 1391 a
801 1357 920 1401 primo
946 1356 1148 1390 nativitatis
1175 1366 1251 1389 suae
1276 1360 1474 1398 momento,
1501 1354 1613 1389 etiam

354 1413 536 1458 imperant
559 1413 632 1447 suis
654 1413 803 1447 artubus
831 1413 863 1446 δε
887 1411 1073 1454 musculis,
1094 1410 1267 1445 insistunt
1292 1410 1448 1455 pedibus
1474 1409 1507 1443 δε
1531 1420 1613 1453 gra-

354 1469 513 1512 diuntur,
548 1480 696 1513 suaeque
738 1475 881 1502 naturae
914 1467 1121 1501 functiones
1156 1465 1456 1510 suprarecensitis
1490 1465 1612 1500 adhuc

354 1524 608 1567 mirabiliores,
628 1524 716 1558 scite
736 1524 836 1558 obire
854 1529 1012 1565 norunt;
1040 1523 1071 1556 &
1090 1522 1137 1556 ab
1160 1522 1291 1556 eodem
1315 1527 1503 1555 momento
1523 1521 1613 1555 Sen—

356 1580 456 1614 sibus
474 1580 645 1623 externis,
663 1580 772 1624 pleno
791 1579 972 1622 acumine,
991 1577 1158 1611 fruuntur
1175 1590 1180 1611 :
1208 1587 1314 1611 secus
1337 1583 1461 1611 autem
1485 1576 1612 1611 Genus

357 1635 574 1669 Humanum
598 1635 634 1668 in
660 1635 855 1668 tenerrima
874 1633 939 1667 sua
965 1633 1141 1667 infantifi:
1169 1632 1263 1666 ratio
1289 1638 1354 1675 est,
1373 1631 1459 1676 quia
1486 1632 1614 1666 Mente

355 1691 517 1735 quadam
533 1691 690 1735 propria,
710 1701 792 1734 quae
811 1688 1067 1723 intellectualis
1086 1688 1118 1722 δε
1136 1687 1324 1721 rationalis
1343 1687 1487 1729 dicitur,
1500 1686 1614 1731 poHe-

355 1756 449 1788 mus,
468 1756 511 1778 ex
529 1745 600 1790 qua
621 1752 660 1778 ut
684 1756 726 1778 ex
751 1755 816 1777 suo
839 1744 950 1786 fonte,
968 1742 1134 1787 procedit
1157 1742 1339 1776 Voluntas
1358 1753 1365 1775 :
1389 1741 1470 1775 haec
1488 1747 1615 1775 nostra

359 1801 468 1835 Mens
487 1807 647 1845 est,quae
667 1800 846 1834 Musculis
865 1799 897 1833 δε
914 1798 1094 1833 Sensoriis
1112 1797 1283 1842 Corporis
1298 1797 1473 1841 imperat3
1500 1807 1614 1841 quare

356 1855 467 1890 etiam
502 1856 690 1899 Actiones,
719 1866 801 1899 quae
831 1853 961 1888 mediis
995 1852 1170 1887 musculis
1205 1851 1505 1894 determinantur,
1533 1851 1612 1896 ejus

356 1918 451 1955 sunt,
471 1912 503 1945 ὃς
521 1911 691 1944 dicuntur
717 1910 953 1953 wlmztarsce,
973 1920 1055 1953 quae
1079 1908 1115 1941 in
1139 1914 1282 1942 tantum
1300 1906 1498 1940 rationales
1517 1912 1612 1950 sunt,

355 1967 392 2000 in
422 1974 600 2011 quantum
629 1978 651 2000 a
683 1966 819 2000 Mentis
846 1965 942 1998 illius
971 1963 1163 1998 Intellectu
1190 1962 1325 2007 puriori
1351 1961 1383 1995 ἃ
1409 1961 1612 1995 sublimiori

357 2022 595 2057 descendunt.
659 2022 751 2055 Haec
777 2027 903 2054 nostra
932 2021 1050 2061 Mens,
1077 2030 1159 2063 quae
1187 2017 1366 2051 Musculis
1393 2016 1425 2050 ἃ
1453 2017 1613 2060 Organis

357 2077 542 2120 sensoriis,
561 2083 599 2111 ut
618 2077 755 2110 dictum
774 2082 839 2118 est,
858 2081 1002 2120 praeest,
1021 2085 1094 2107 non
1114 2073 1221 2107 simul
1239 2084 1322 2107 cum
1346 2072 1426 2117 ipso
1452 2072 1613 2116 Corpore

357 2133 530 2175 nascitur,
549 2133 613 2166 sed
635 2143 806 2166 successu
831 2131 1016 2176 temporis,
1034 2129 1213 2164 beneficio
1238 2139 1421 2169 sensuum,
1440 2127 1611 2172 aperitur,

357 2189 498 2231 crescit,
518 2189 549 2222 ἃ
568 2188 752 2233 perficitur
768 2200 775 2228 3
803 2187 902 2231 quod
921 2187 957 2220 in
976 2185 1088 2220 causa
1106 2191 1172 2227 est,
1191 2184 1288 2229 quod
1307 2183 1342 2217 in
1361 2183 1472 2217 talem
1495 2182 1612 2227 impo-

356 2245 509 2279 tentiam
541 2243 673 2286 agendi
705 2242 737 2276 Se
771 2241 953 2276 sentiendi
988 2251 1193 2274 nascamur.
1251 2239 1366 2272 Aliter
1395 2237 1545 2271 omnino
1574 2237 1612 2271 in

358 2298 606 2343 Primogenito
631 2304 766 2340 nostro,
786 2296 887 2342 cujus
914 2297 1022 2330 Mens
1047 2294 1235 2329 rationalis
1259 2304 1322 2328 seu
1346 2292 1613 2336 intellectualis,
