1783 2760
432 170 509 206 DE
540 170 738 206 AMORE
771 170 946 206 PRIMO
952 170 1157 206 GENJTJ.
1361 179 1397 216 15
1405 179 1424 216 3

172 268 373 310 habitant
395 271 539 318 antris,
562 269 759 309 Mentem
783 268 922 318 istam,
947 269 985 309 &
1007 269 1066 309 sic
1095 270 1330 323 imaginem
1360 270 1426 310 sui

173 339 398 388 efformat;
429 337 497 378 hic
519 351 645 377 suum
677 337 844 378 Caelum
874 339 1036 385 statuit,
1060 352 1082 378 e
1111 352 1197 390 quo
1226 338 1427 378 inferiora

172 408 398 460 gubernat.
457 406 522 446 At
553 419 655 446 vero
684 406 860 459 Imperii
890 407 954 446 sui
984 407 1187 459 regimen,
1218 406 1357 459 quale,
1380 413 1427 446 ut

173 476 279 524 dixi,
302 477 343 515 in
367 475 536 515 Mundo
559 488 807 527 possessum
829 481 962 524 tenet,
984 488 1070 514 non
1094 475 1136 514 in
1161 475 1312 515 Mente
1334 476 1428 524 ista,

173 544 246 584 ubi
275 544 385 583 sicut
412 549 552 583 rector
581 542 761 596 Olympi
789 544 962 592 residet,
985 544 1060 583 sed
1091 544 1133 583 in
1164 544 1257 596 ipso
1286 543 1428 593 Atrio,

174 612 247 652 ubi
279 618 378 652 sunt
408 611 500 664 ejus
530 612 645 664 genii
677 626 775 652 cum
808 613 894 652 suis
927 612 1240 661 affectionibus,
1272 613 1429 664 quibus

174 681 341 729 ducem,
364 694 493 732 quem
524 681 655 720 etiarn
684 680 899 720 Animum
927 687 1066 730 vocat,
1094 680 1285 733 praeficit,
1309 681 1429 721 insti-

174 749 284 799 tuit;
315 748 381 788 his
402 762 577 789 omnem
602 755 867 802 potestatem
889 750 1059 802 agendi,
1074 750 1312 789 secundum
1330 763 1431 789 suos

176 823 321 857 motus
353 831 403 858 ac
434 824 599 857 naturae
631 817 858 857 instinctus
888 818 1113 868 concedit;
1147 819 1288 870 ipsum
1320 817 1431 857 Ani-

177 900 297 926 mum
337 886 538 927 Universi
581 886 821 926 Dominum
863 886 1067 936 declarat,
1105 887 1230 939 eique
1271 887 1430 934 omnia,

177 968 275 1007 quae
296 955 339 994 in
361 960 533 994 suomet
554 954 744 994 obtinuit
766 955 946 1003 Mundo,
963 961 1134 1008 sceptra
1151 955 1294 1004 tradit,
1314 968 1433 995 eum-

178 1038 263 1076 que
283 1024 379 1063 loco
400 1024 464 1063 sui
486 1024 722 1071 substituit,
746 1024 849 1063 dum
873 1024 964 1076 ipse
992 1038 1037 1064 se
1066 1030 1113 1064 ut
1142 1024 1298 1073 Deum,
1323 1025 1434 1064 inter

178 1105 290 1141 suos,
327 1092 594 1145 proclamat:
646 1093 771 1144 eique
813 1092 988 1144 insuper
1028 1099 1293 1145 potestatem
1331 1092 1433 1132 facit

179 1160 381 1213 eligendi,
401 1173 681 1213 quoscunque
711 1160 843 1209 lubet,
874 1174 1056 1210 amores,
1088 1161 1165 1201 sed
1195 1175 1281 1201 non
1314 1160 1433 1208 alios,

180 1242 312 1281 quam
334 1229 407 1281 qui
431 1229 634 1280 Corporis
655 1242 704 1268 ac
728 1229 882 1268 Mundi
905 1235 1031 1269 sunt:
1065 1229 1165 1269 inde
1191 1236 1257 1270 tot
1286 1243 1436 1270 exsur-

180 1303 289 1350 gunt
311 1296 527 1336 Amorum
545 1296 796 1350 phalanges,
814 1303 860 1337 ut
878 1298 958 1337 nisi
976 1298 1017 1337 in
1035 1311 1195 1350 genera
1214 1298 1251 1338 ἃ
1269 1299 1436 1351 species

179 1366 538 1418 dispescerentur,
567 1366 643 1406 vix
675 1366 770 1405 illos
805 1380 830 1406 a
866 1380 912 1406 se
948 1367 1132 1407 invicem
1171 1367 1440 1419 dignoscere,

181 1433 325 1474 dabile
347 1434 426 1484 sit;
458 1448 558 1474 nam
581 1434 637 1474 ab
658 1433 810 1474 Animi
834 1435 958 1474 istius
975 1435 1125 1486 geniis,
1143 1436 1215 1488 qui
1235 1435 1327 1487 jam
1349 1448 1437 1475 non

181 1502 331 1542 famuli
353 1516 403 1542 ac
426 1503 684 1552 mediastini,
704 1503 780 1543 sed
798 1504 1012 1556 principes
1032 1504 1186 1544 Mundi
1204 1504 1306 1544 facti
1325 1510 1437 1551 sunt,

181 1571 400 1624 continuo,
416 1572 525 1611 sicut
543 1585 568 1611 a
582 1571 766 1620 fornace,
783 1572 1073 1624 cupiditatum
1089 1571 1278 1612 flammae
1297 1586 1438 1617 erum-

182 1644 319 1692 punt;
351 1653 407 1679 ex
436 1640 591 1679 natura
618 1641 695 1679 sua
722 1640 764 1680 id
799 1642 931 1681 etiam
965 1641 1156 1688 trahunt,
1180 1642 1297 1694 quod
1330 1642 1438 1682 alias

183 1721 270 1747 non
292 1708 464 1760 sapiant
486 1708 722 1757 Bonitates,
740 1722 871 1761 quarn
895 1723 991 1762 quae
1015 1716 1115 1750 sunt
1137 1710 1375 1750 harmoniae
1399 1711 1437 1752 ἃ

183 1775 475 1816 formositates
512 1783 705 1827 naturae;
737 1791 816 1817 nec
851 1778 958 1817 alias
995 1778 1272 1828 Faustitates,
1306 1792 1439 1831 quam

183 1844 354 1884 delitias
392 1845 595 1897 Corporis
632 1845 669 1885 δι
705 1845 796 1897 ejus
835 1846 1076 1896 Sensuum;
1115 1861 1193 1887 nec
1229 1847 1314 1887 alia
1351 1848 1440 1888 De-

184 1913 354 1962 sideria,
370 1927 501 1965 quam
524 1913 817 1966 Appetentias
841 1914 878 1954 &
902 1915 1203 1967 Cupiditates;
1236 1916 1441 1969 objurant

185 1981 317 2021 etiam
339 1995 415 2034 per
436 1995 561 2022 suum
586 1982 773 2031 Numen,
795 1996 868 2022 seu
893 1997 969 2035 per
998 1983 1322 2024 Conscientiam
1350 1998 1440 2025 suae

187 2049 361 2098 Mentis,
398 2050 515 2102 quod
558 2050 782 2090 Bonitates
825 2050 863 2090 &
899 2051 1165 2093 Faustitates
1199 2054 1441 2105 superiores

187 2131 401 2170 nusquam
437 2119 534 2167 sint,
566 2132 698 2171 quare
729 2118 823 2158 illas
854 2120 966 2159 inter
996 2120 1135 2161 larvas
1166 2127 1241 2161 aut
1272 2122 1441 2162 somnia

189 2185 388 2238 Morphei
421 2187 629 2239 rejiciunt.
692 2188 793 2239 Ipse
829 2188 1131 2241 sychophanta
1167 2190 1209 2229 in
1244 2189 1441 2242 Olympo

188 2253 262 2293 illo
297 2254 499 2303 residens,
534 2269 612 2308 nec
648 2254 755 2295 alios
791 2256 988 2296 contexit
1022 2258 1161 2297 nodos
1193 2271 1268 2297 seu
1299 2264 1442 2298 versat

189 2321 308 2372 fines,
329 2335 460 2375 quam
482 2323 555 2376 qui
576 2323 742 2364 Animo
764 2324 833 2364 isti
856 2324 1095 2378 indulgent,
1118 2339 1167 2366 ac
1189 2314 1328 2379 geniis
1348 2325 1441 2379 ejus
