1783 2760
497 177 576 210 DE
606 175 805 211 AMORE
836 175 1219 210 PRIMOGENJTJ.
1428 183 1490 216 177

231 273 274 314 in
308 274 557 314 Flammam
589 273 722 313 etiam
752 278 960 321 mutatus,
982 279 1074 312 tam
1098 273 1216 312 mitis
1237 278 1341 321 erat,
1366 278 1413 313 ut
1436 286 1491 312 ne

231 342 410 395 quidem
445 342 674 381 minimum
717 340 936 393 capillum,
972 347 1048 380 aut
1081 341 1283 381 cuticulae
1320 340 1488 390 fibram,

231 410 439 451 adoleret.
505 410 589 449 His
625 409 826 462 peractis,
856 409 947 461 jam
980 409 1114 458 vides,
1147 409 1219 458 ait,
1246 410 1365 462 quod
1402 423 1488 449 non

231 486 322 520 tam
355 477 579 519 horrificus
613 479 680 527 sit,
717 477 756 518 &
790 478 1055 525 tremendus,
1094 478 1306 530 quamdiu
1341 484 1490 518 noster

231 546 374 587 Amor
406 546 649 598 Olympum
687 559 813 586 suum
855 546 897 585 in
935 546 1060 585 nobis
1096 546 1342 598 gubernat;
1380 546 1488 599 Ejus

229 616 345 656 enim
369 615 589 668 potestati,
612 614 722 654 sicut
742 614 956 662 audieras,
981 614 1179 654 relictum
1201 620 1278 662 est,
1301 615 1356 654 ad
1381 615 1491 654 lubi-

230 689 337 732 tum,
370 697 470 724 eum
505 682 688 724 vinculis
724 683 964 732 coercendi,
999 689 1075 723 aut
1117 684 1489 733 manumittendi;

230 752 307 792 sed
342 765 479 804 usque
515 758 665 791 tamen
702 751 949 791 lethiferum
992 751 1070 792 alit
1105 751 1290 802 vulnus;
1323 751 1361 792 ἃ
1400 766 1485 792 non

230 820 370 860 solum
389 821 502 868 odio,
519 821 595 860 sed
616 820 708 872 jam
727 820 860 860 etiam
878 820 1085 869 vindicta,
1099 821 1287 861 ardescit
1308 836 1316 871 ;
1337 836 1487 862 verum

230 903 343 929 nunc
366 890 458 942 ipse
478 895 652 929 suomet
674 895 803 929 acuto
828 889 864 929 &
887 889 1104 929 virulento
1126 889 1226 929 felle
1248 896 1486 943 torquetur,

231 957 269 998 &
290 958 558 997 discinditur.

287 1028 353 1067 82.
388 1027 720 1079 PrimogenituS,
763 1040 862 1067 cum
903 1027 981 1067 has
1021 1027 1209 1068 ferarum
1252 1029 1402 1076 minas,
1446 1027 1484 1068 ἃ

229 1095 353 1149 quasi
376 1095 639 1148 periculosas
661 1095 789 1142 aleas,
814 1096 856 1135 in
879 1102 1073 1136 mentem
1096 1109 1221 1136 suam
1244 1097 1484 1145 reduceret,

231 1177 317 1204 non
352 1163 506 1216 potuit,
529 1164 633 1216 quin
668 1163 776 1204 lenis
809 1164 990 1216 quidam
1022 1163 1173 1204 horror
1193 1165 1486 1204 subcutaneas

228 1231 321 1284 ejus
357 1231 486 1271 fibras
521 1232 770 1272 oberraret:
801 1233 1056 1284 cumprimis
1086 1233 1141 1273 ad
1175 1232 1294 1272 illam
1326 1233 1483 1283 ideam,

229 1300 346 1353 quod
381 1300 607 1352 Sapientia
630 1300 774 1353 Caput
796 1314 923 1340 suum
946 1301 988 1340 in
1012 1301 1267 1341 barathrum
1290 1308 1382 1342 tam
1404 1303 1484 1342 irn-

230 1369 369 1409 manis
402 1369 584 1408 monstri
617 1369 872 1417 intrusisset,
898 1369 936 1409 &
968 1376 1116 1409 tamen
1149 1370 1391 1411 Cerbereus
1414 1371 1485 1411 ille

230 1437 373 1485 Canis,
396 1450 447 1476 eo
470 1437 563 1489 ipso
587 1443 824 1487 momento,
848 1437 991 1478 furore
1012 1439 1199 1490 percitus
1231 1440 1292 1479 ita
1323 1453 1484 1480 excan-

229 1505 382 1554 duerit,
404 1511 452 1545 ut
473 1518 625 1545 omnes
646 1505 738 1557 ejus
760 1519 883 1545 venae
905 1513 1001 1546 atro
1024 1506 1124 1547 felle
1156 1507 1385 1548 intumidae
1408 1523 1483 1562 ap-

227 1580 428 1626 parerent
449 1587 457 1622 ;
499 1574 658 1614 idcirco
702 1574 976 1627 Sapientiam
1020 1589 1144 1616 suam
1186 1577 1482 1630 interrogavit,

226 1656 373 1682 annon
396 1642 469 1682 illa
491 1656 536 1682 se
558 1649 661 1682 tunc
679 1643 721 1682 in
738 1657 946 1695 magnum
965 1644 1197 1685 discrimen
1221 1646 1453 1698 conjecerit
1473 1659 1481 1694 ;

227 1713 262 1752 si
288 1712 409 1761 forte,
433 1713 559 1761 dixit,
586 1726 638 1752 eo
667 1719 894 1753 momento
926 1713 1016 1754 fera
1048 1714 1120 1754 illa
1152 1715 1308 1765 bellua,
1331 1722 1483 1768 guttur

226 1794 351 1821 suum
373 1786 439 1821 tot
467 1781 658 1821 seriebus
684 1782 882 1822 dentium
911 1784 1223 1835 praemunitum
1261 1797 1482 1837 compres—

226 1848 339 1898 serit,
359 1862 522 1889 numne
544 1856 647 1889 tunc
669 1850 723 1889 de
744 1851 834 1890 vita
872 1852 950 1890 sua
982 1857 1128 1891 actum
1161 1852 1314 1892 fuisset
1335 1866 1345 1903 ;
1377 1866 1479 1893 nam

226 1931 313 1957 non
335 1918 446 1957 bene
468 1918 603 1970 capio,
627 1919 783 1966 aiebat,
803 1920 1027 1971 quomodo
1047 1926 1170 1960 actus
1191 1927 1363 1961 tantum
1387 1921 1481 1974 ejus

226 1992 432 2025 conatum
448 1986 631 2026 deficere
649 1987 862 2039 potuisset
884 2001 891 2027 :
914 1988 970 2028 ad
988 1987 1093 2037 haec,
1111 1989 1348 2042 Sapientia,
1367 1998 1480 2038 sunt,

227 2054 337 2094 sicut
369 2055 493 2103 nosti,
517 2055 822 2107 respondebat,
845 2062 931 2096 tres
957 2056 1120 2097 Fontes
1141 2058 1254 2107 vitae,
1277 2072 1302 2098 a
1323 2059 1481 2111 quibus

227 2129 313 2162 tres
336 2129 495 2163 nostrae
516 2124 727 2176 potentiae
748 2125 1023 2175 excitantur;
1056 2131 1103 2165 ut
1135 2127 1283 2166 omnia
1312 2128 1391 2167 rite
1423 2141 1479 2167 ex

228 2191 427 2231 instituto
462 2192 625 2241 ordine,
655 2193 746 2232 vita
777 2193 904 2232 unius
939 2193 1071 2233 fontis
1108 2194 1151 2233 in
1183 2194 1379 2244 alteram,
1405 2209 1479 2235 seu

228 2259 421 2311 superior
453 2259 496 2299 in
529 2260 787 2308 inferiorem,
828 2260 865 2300 &
899 2262 959 2301 sic
993 2275 1135 2314 porro,
1170 2262 1347 2313 influet;
1376 2277 1479 2304 nam

229 2326 490 2380 Supremum
522 2329 565 2368 in
596 2328 756 2378 infima,
780 2329 860 2369 nisi
886 2343 964 2382 per
987 2343 1065 2370 sua
1086 2331 1357 2380 intermedia,
1380 2345 1479 2372 nus-

835 2407 868 2437 N
