1783 2760
479 128 557 162 DE
593 129 739 164 ORTU
765 129 1147 165 PRJMOGENITJ.
1399 138 1442 172 47

187 240 262 267 seu
271 225 595 281 Atmosphaerae
610 227 950 280 fundum,usque
965 228 1006 267 in
1019 228 1160 281 ipsum
1179 228 1443 279 Paradisum,

189 295 272 337 Ovi
295 296 359 336 sui
382 296 585 345 natalem,
607 296 775 346 delabi;
809 295 847 336 &
873 303 1108 349 postquam
1138 296 1230 348 ejus
1259 296 1442 347 delitias,

187 377 265 417 per
283 365 509 417 organicas
532 364 653 412 fores,
674 378 748 404 seu
771 365 980 414 sensibus,
1003 364 1204 414 hauserit,
1227 365 1328 405 inde
1354 379 1445 404 sur-

188 445 284 472 sum
307 432 472 481 auferri,
495 447 546 473 ac
567 433 661 473 illas
683 434 726 472 in
749 432 977 473 felicitates
999 447 1155 482 versas,
1174 447 1230 473 ex
1253 434 1443 474 interiori

186 513 328 550 sensu,
348 502 528 554 ipsaque
559 501 735 549 Anima,
764 501 806 540 in
840 501 960 542 Caelo
992 515 1201 542 enarrare.
1264 502 1375 542 Haec
1405 502 1443 542 &

187 569 345 610 similia
381 583 478 610 cum
512 569 838 609 distinctissime
872 570 914 609 in
947 571 1025 609 sua
1056 570 1154 610 idea
1185 577 1376 611 versaret
1405 570 1443 611 δε

188 639 521 691 conspicaretur,
561 638 709 678 Media
746 638 784 678 &
822 638 1086 679 adminicula
1122 639 1444 692 circumspexit,

188 706 344 758 quibus
367 706 559 746 accincta
580 707 667 746 suis
690 706 851 759 optatis
874 705 912 746 ἃ
936 708 1059 759 quasi
1076 708 1189 747 votis
1206 708 1443 760 potiretur:

188 774 293 814 dum
327 773 393 814 his
428 775 694 823 intendebat,
734 788 798 824 en,
836 774 959 822 illico,
999 775 1178 824 Natura,
1216 789 1315 816 cum
1357 776 1444 816 suis

188 842 375 892 auxiliis,
407 843 549 883 eidem
590 857 737 883 secum
769 843 959 896 hospitio
989 850 1064 884 aut
1096 844 1225 884 ovulo
1256 844 1444 894 inclusis,

187 918 348 964 praesto
371 918 474 961 erat,
497 912 534 952 ἃ
557 926 602 952 se
623 926 811 965 suasque
833 913 1051 965 potentias
1075 912 1112 953 ἃ
1138 913 1292 953 virium
1322 914 1446 963 vires,

188 980 245 1020 ad
268 981 496 1021 minimum
519 987 648 1020 nutus
676 981 768 1033 ejus
796 981 968 1033 signum
999 982 1308 1034 paratissimas,
1333 982 1371 1022 ἃ
1401 983 1442 1022 in

188 1063 505 1102 quamcunque,
538 1050 717 1098 luberet,
749 1063 877 1101 opem
920 1050 1176 1099 evocandas,
1206 1051 1443 1101 offerebat;

189 1124 313 1158 erant
348 1119 463 1158 enim
498 1124 589 1158 tam
625 1118 944 1159 ordinatissime
981 1119 1085 1159 inibi
1126 1119 1361 1172 dispositae,
1397 1126 1444 1160 ut

190 1187 323 1227 modo
345 1186 449 1227 dum
471 1186 553 1227 hoc
575 1187 794 1227 Animans
823 1194 1033 1240 punctum
1063 1202 1119 1227 ex
1147 1189 1352 1229 umbilico
1380 1190 1444 1230 sui

190 1255 270 1304 ovi,
293 1254 399 1295 fines
420 1256 462 1295 in
484 1269 529 1295 se
552 1262 896 1308 repraesentatos,
921 1255 958 1296 &
984 1271 1009 1296 a
1037 1270 1083 1296 se
1109 1258 1443 1310 contemplatos,

189 1329 289 1364 actu
308 1323 562 1373 intenderet,
579 1324 662 1363 illae
680 1325 803 1376 quasi
822 1324 948 1364 dictis
966 1330 1041 1365 aut
1059 1325 1189 1377 jussis
1205 1327 1442 1375 audienteS,

191 1406 247 1433 ex
269 1393 356 1432 suis
378 1393 647 1445 principiatis
676 1392 834 1441 formis,
858 1399 1015 1445 sponte
1043 1395 1085 1433 in
1115 1394 1323 1447 obsequia
1351 1408 1444 1435 rue-

191 1466 295 1502 rent.
377 1461 546 1501 Natura
587 1461 702 1500 enirn
744 1475 841 1501 curn
884 1462 1060 1502 Viribus
1100 1463 1442 1504 substantiarum

191 1529 358 1579 Mundi,
376 1543 425 1569 ac
448 1529 640 1569 Mundus
663 1543 761 1569 curn
787 1530 1052 1571 Substantiis
1073 1532 1226 1572 virium
1251 1533 1443 1581 Naturae,

190 1598 250 1638 ita
282 1612 307 1638 a
338 1598 473 1638 nihilo
504 1599 720 1647 excitatae,
750 1598 888 1648 factae,
918 1600 1225 1653 instructaeque
1254 1607 1366 1650 sunt,
1397 1609 1444 1642 ut

192 1666 508 1720 Intelligentiis,
524 1666 784 1717 Animabus,
801 1681 873 1707 seu
893 1668 1104 1708 Essentiis
1123 1669 1442 1722 Spiritualibus,

190 1736 300 1776 sicut
315 1735 382 1775 hae
400 1749 477 1775 suo
495 1736 676 1776 Numini
692 1742 767 1775 aut
786 1736 993 1785 Creatori,
1012 1743 1220 1789 tanquam
1238 1738 1444 1780 succincti

190 1803 352 1854 famuli,
376 1818 484 1857 quos
504 1818 636 1856 penes
660 1803 764 1844 nihil
795 1811 859 1844 est
888 1805 1064 1854 arbitrii,
1088 1806 1163 1845 sed
1196 1806 1290 1858 puri
1320 1806 1443 1846 obse-

191 1873 291 1925 quii,
313 1872 576 1921 inservirent,
601 1872 638 1912 &
662 1873 704 1912 in
731 1873 946 1921 omnibus,
968 1887 1065 1925 quae
1093 1874 1315 1914 ordinibus
1344 1889 1444 1915 con-

191 1941 345 1981 formia
361 1947 472 1991 sunt,
491 1955 656 1981 morem
673 1941 1064 1994 obsequentissime
1085 1949 1285 1995 gererent
1302 1957 1309 1991 3
1340 1957 1443 1996 qua-

190 2015 368 2063 propter
405 2010 574 2049 Natura
610 2015 675 2049 est
711 2009 851 2049 solum
888 2010 1105 2050 Mentium
1141 2012 1292 2062 gratia,
1328 2026 1445 2052 com-

190 2084 353 2131 parata,
376 2083 424 2117 ut
457 2077 617 2130 placita
646 2077 683 2117 &
713 2078 887 2117 decreta
917 2077 1142 2130 Supremae
1173 2079 1346 2129 Mentis,
1369 2094 1444 2120 seu

191 2146 282 2199 ejus
306 2146 445 2195 Fines,
469 2147 511 2185 in
534 2145 713 2185 effectus
734 2145 962 2194 describat,
989 2145 1026 2186 &
1055 2147 1115 2187 sic
1144 2147 1186 2186 in
1215 2148 1445 2189 continuos

191 2229 291 2255 usus
311 2221 475 2255 vertat:
513 2215 628 2254 Nam
653 2228 804 2254 omnes
825 2221 923 2255 actu
948 2215 985 2255 ἃ
1008 2215 1164 2256 effectu
1186 2216 1293 2256 fines
1316 2218 1445 2258 inter-

191 2284 334 2335 medii,
371 2283 572 2324 dicuntur
605 2283 732 2332 Usus,
771 2297 821 2324 ac
854 2289 1033 2325 eatenus
1068 2285 1156 2325 veri
1193 2299 1294 2325 usus
1329 2292 1441 2333 sunt,
