<?xml version="1.0" encoding="UTF-8"?>
<!DOCTYPE html PUBLIC "-//W3C//DTD XHTML 1.0 Transitional//EN"
    "http://www.w3.org/TR/xhtml1/DTD/xhtml1-transitional.dtd">
<html xmlns="http://www.w3.org/1999/xhtml" xml:lang="en" lang="en">
 <head>
  <title>
</title>
<meta http-equiv="Content-Type" content="text/html;charset=utf-8" />
  <meta name='ocr-system' content='tesseract 3.04.00' />
  <meta name='ocr-capabilities' content='ocr_page ocr_carea ocr_par ocr_line ocrx_word'/>
</head>
<body>
  <div class='ocr_page' id='page_1' title='image "./parsprimadecultu00swed_0176.png"; bbox 0 0 1835 2672; ppageno 0'>
   <div class='ocr_carea' id='block_1_1' title="bbox 363 150 1424 198">
    <p class='ocr_par' dir='ltr' id='par_1_1' title="bbox 363 150 1424 198">
     <span class='ocr_line' id='line_1_1' title="bbox 363 150 1424 198; baseline -0.004 -8"><span class='ocrx_word' id='word_1_1' title='bbox 363 155 428 198; x_wconf 82' lang='lat'>164</span> <span class='ocrx_word' id='word_1_2' title='bbox 555 153 739 190; x_wconf 85' lang='lat' dir='ltr'><em>CAPUT</em></span> <span class='ocrx_word' id='word_1_3' title='bbox 768 152 1088 197; x_wconf 82' lang='lat' dir='ltr'>SECUNDUM,</span> <span class='ocrx_word' id='word_1_4' title='bbox 1121 151 1317 187; x_wconf 85' lang='lat' dir='ltr'><em>SECTIO</em></span> <span class='ocrx_word' id='word_1_5' title='bbox 1349 150 1424 186; x_wconf 87' lang='lat' dir='ltr'><em>III.</em></span> 
     </span>
    </p>
   </div>
   <div class='ocr_carea' id='block_1_2' title="bbox 359 247 1625 512">
    <p class='ocr_par' dir='ltr' id='par_1_2' title="bbox 359 247 1625 512">
     <span class='ocr_line' id='line_1_2' title="bbox 360 247 1624 305; baseline -0.004 -12"><span class='ocrx_word' id='word_1_6' title='bbox 360 258 462 294; x_wconf 90' lang='lat' dir='ltr'>sunt</span> <span class='ocrx_word' id='word_1_7' title='bbox 502 252 636 293; x_wconf 86' lang='lat' dir='ltr'>facies</span> <span class='ocrx_word' id='word_1_8' title='bbox 678 251 966 305; x_wconf 77' lang='lat' dir='ltr'>Gorgonicae;</span> <span class='ocrx_word' id='word_1_9' title='bbox 1011 250 1098 291; x_wconf 81' lang='lat' dir='ltr'>illae</span> <span class='ocrx_word' id='word_1_10' title='bbox 1139 256 1384 291; x_wconf 81' lang='lat' dir='ltr'>externatae</span> <span class='ocrx_word' id='word_1_11' title='bbox 1417 247 1624 302; x_wconf 81' lang='lat' dir='ltr'>aufugere</span> 
     </span>
     <span class='ocr_line' id='line_1_3' title="bbox 359 317 1624 373; baseline -0.005 -11"><span class='ocrx_word' id='word_1_12' title='bbox 359 322 580 371; x_wconf 88' lang='lat' dir='ltr'>volebant,</span> <span class='ocrx_word' id='word_1_13' title='bbox 615 321 691 361; x_wconf 92' lang='lat' dir='ltr'>sed</span> <span class='ocrx_word' id='word_1_14' title='bbox 723 334 781 361; x_wconf 84' lang='lat' dir='ltr'>ex</span> <span class='ocrx_word' id='word_1_15' title='bbox 811 320 979 373; x_wconf 89' lang='lat' dir='ltr'>jactatu</span> <span class='ocrx_word' id='word_1_16' title='bbox 1015 319 1230 372; x_wconf 81' lang='lat' dir='ltr'>Corporis,</span> <span class='ocrx_word' id='word_1_17' title='bbox 1265 331 1404 359; x_wconf 83' lang='lat' dir='ltr'>comae</span> <span class='ocrx_word' id='word_1_18' title='bbox 1439 317 1524 357; x_wconf 85' lang='lat' dir='ltr'>illae</span> <span class='ocrx_word' id='word_1_19' title='bbox 1560 317 1624 357; x_wconf 91' lang='lat' dir='ltr'>in-</span> 
     </span>
     <span class='ocr_line' id='line_1_4' title="bbox 360 386 1625 441; baseline -0.002 -11"><span class='ocrx_word' id='word_1_20' title='bbox 360 390 557 439; x_wconf 89' lang='lat' dir='ltr'>fernales,</span> <span class='ocrx_word' id='word_1_21' title='bbox 591 389 710 429; x_wconf 89' lang='lat' dir='ltr'>sinus</span> <span class='ocrx_word' id='word_1_22' title='bbox 745 402 795 429; x_wconf 88' lang='lat' dir='ltr'>ac</span> <span class='ocrx_word' id='word_1_23' title='bbox 832 388 964 428; x_wconf 89' lang='lat' dir='ltr'>facies</span> <span class='ocrx_word' id='word_1_24' title='bbox 999 387 1183 437; x_wconf 89' lang='lat' dir='ltr'>illarum,</span> <span class='ocrx_word' id='word_1_25' title='bbox 1216 387 1478 441; x_wconf 86' lang='lat' dir='ltr'>pulsabant;</span> <span class='ocrx_word' id='word_1_26' title='bbox 1522 386 1625 427; x_wconf 88' lang='lat' dir='ltr'>inde</span> 
     </span>
     <span class='ocr_line' id='line_1_5' title="bbox 360 455 1625 512; baseline -0.005 -12"><span class='ocrx_word' id='word_1_27' title='bbox 360 466 572 512; x_wconf 80' lang='lat' dir='ltr'><strong>tanquam</strong></span> <span class='ocrx_word' id='word_1_28' title='bbox 604 458 705 512; x_wconf 86' lang='lat' dir='ltr'>gelu</span> <span class='ocrx_word' id='word_1_29' title='bbox 735 457 1029 510; x_wconf 83' lang='lat' dir='ltr'>obriguerunt,</span> <span class='ocrx_word' id='word_1_30' title='bbox 1051 470 1103 497; x_wconf 87' lang='lat' dir='ltr'>ac</span> <span class='ocrx_word' id='word_1_31' title='bbox 1131 456 1308 510; x_wconf 84' lang='lat' dir='ltr'>sanguis</span> <span class='ocrx_word' id='word_1_32' title='bbox 1336 455 1495 508; x_wconf 82' lang='lat' dir='ltr'>frigore</span> <span class='ocrx_word' id='word_1_33' title='bbox 1523 466 1625 495; x_wconf 86' lang='lat' dir='ltr'>con-</span> 
     </span>
    </p>
   </div>
   <div class='ocr_carea' id='block_1_3' title="bbox 359 553 1638 2372">
    <p class='ocr_par' dir='ltr' id='par_1_3' title="bbox 359 553 1638 2372">
     <span class='ocr_line' id='line_1_6' title="bbox 360 553 1626 602; baseline -0.005 -9"><span class='ocrx_word' id='word_1_34' title='bbox 360 558 530 602; x_wconf 88' lang='lat' dir='ltr'>stimulis,</span> <span class='ocrx_word' id='word_1_35' title='bbox 549 558 582 593; x_wconf 71' lang='grc' dir='ltr'>δε</span> <span class='ocrx_word' id='word_1_36' title='bbox 605 557 715 592; x_wconf 91' lang='lat' dir='ltr'>simul</span> <span class='ocrx_word' id='word_1_37' title='bbox 736 557 785 591; x_wconf 87' lang='lat' dir='ltr'>ab</span> <span class='ocrx_word' id='word_1_38' title='bbox 807 563 911 599; x_wconf 83' lang='lat' dir='ltr'>aestu,</span> <span class='ocrx_word' id='word_1_39' title='bbox 929 557 1075 591; x_wconf 86' lang='lat' dir='ltr'>mollior</span> <span class='ocrx_word' id='word_1_40' title='bbox 1097 555 1248 600; x_wconf 85' lang='lat' dir='ltr'>sanguis</span> <span class='ocrx_word' id='word_1_41' title='bbox 1273 554 1424 589; x_wconf 87' lang='lat' dir='ltr'>indurus</span> <span class='ocrx_word' id='word_1_42' title='bbox 1442 553 1494 598; x_wconf 84' lang='lat' dir='ltr'>fit,</span> <span class='ocrx_word' id='word_1_43' title='bbox 1511 553 1626 588; x_wconf 88' lang='lat' dir='ltr'>fervet</span> 
     </span>
     <span class='ocr_line' id='line_1_7' title="bbox 360 608 1626 658; baseline -0.005 -9"><span class='ocrx_word' id='word_1_44' title='bbox 360 615 393 650; x_wconf 70' lang='grc' dir='ltr'>δε</span> <span class='ocrx_word' id='word_1_45' title='bbox 410 614 577 658; x_wconf 83' lang='lat' dir='ltr'><strong>ignescit,</strong></span> <span class='ocrx_word' id='word_1_46' title='bbox 591 613 773 658; x_wconf 87' lang='lat' dir='ltr'>palpitant</span> <span class='ocrx_word' id='word_1_47' title='bbox 787 623 862 646; x_wconf 91' lang='lat' dir='ltr'>non</span> <span class='ocrx_word' id='word_1_48' title='bbox 878 612 998 646; x_wconf 91' lang='lat' dir='ltr'>solum</span> <span class='ocrx_word' id='word_1_49' title='bbox 1013 611 1232 655; x_wconf 86' lang='lat' dir='ltr'>Praecordia,</span> <span class='ocrx_word' id='word_1_50' title='bbox 1247 611 1312 645; x_wconf 92' lang='lat' dir='ltr'>sed</span> <span class='ocrx_word' id='word_1_51' title='bbox 1326 610 1436 645; x_wconf 89' lang='lat' dir='ltr'>etiam</span> <span class='ocrx_word' id='word_1_52' title='bbox 1450 608 1626 650; x_wconf 86' lang='lat' dir='ltr'>Arteriae3</span> 
     </span>
     <span class='ocr_line' id='line_1_8' title="bbox 359 663 1628 714; baseline -0.006 -10"><span class='ocrx_word' id='word_1_53' title='bbox 359 670 434 704; x_wconf 92' lang='lat' dir='ltr'>imo</span> <span class='ocrx_word' id='word_1_54' title='bbox 453 670 535 714; x_wconf 87' lang='lat' dir='ltr'>ipsa</span> <span class='ocrx_word' id='word_1_55' title='bbox 558 669 687 702; x_wconf 85' lang='lat' dir='ltr'>Febris</span> <span class='ocrx_word' id='word_1_56' title='bbox 711 679 796 702; x_wconf 92' lang='lat' dir='ltr'>cum</span> <span class='ocrx_word' id='word_1_57' title='bbox 822 666 890 701; x_wconf 71' lang='lat' dir='ltr'>sua</span> <span class='ocrx_word' id='word_1_58' title='bbox 914 666 1122 711; x_wconf 90' lang='lat' dir='ltr'>phrenitide</span> <span class='ocrx_word' id='word_1_59' title='bbox 1148 677 1188 701; x_wconf 92' lang='lat' dir='ltr'>se</span> <span class='ocrx_word' id='word_1_60' title='bbox 1213 666 1251 699; x_wconf 92' lang='lat' dir='ltr'>in</span> <span class='ocrx_word' id='word_1_61' title='bbox 1276 665 1439 710; x_wconf 84' lang='lat' dir='ltr'>quadam</span> <span class='ocrx_word' id='word_1_62' title='bbox 1465 663 1628 708; x_wconf 81' lang='lat' dir='ltr'>imagine</span> 
     </span>
     <span class='ocr_line' id='line_1_9' title="bbox 361 719 1627 770; baseline -0.006 -10"><span class='ocrx_word' id='word_1_63' title='bbox 361 730 602 770; x_wconf 79' lang='lat' dir='ltr'>repraesentat</span> <span class='ocrx_word' id='word_1_64' title='bbox 618 736 626 765; x_wconf 89' lang='lat'>;</span> <span class='ocrx_word' id='word_1_65' title='bbox 664 723 716 757; x_wconf 92' lang='lat' dir='ltr'>sic</span> <span class='ocrx_word' id='word_1_66' title='bbox 747 722 848 756; x_wconf 88' lang='lat' dir='ltr'>nulla</span> <span class='ocrx_word' id='word_1_67' title='bbox 877 722 1033 756; x_wconf 90' lang='lat' dir='ltr'>minima</span> <span class='ocrx_word' id='word_1_68' title='bbox 1061 733 1147 766; x_wconf 91' lang='lat' dir='ltr'>pars</span> <span class='ocrx_word' id='word_1_69' title='bbox 1179 721 1352 766; x_wconf 81' lang='lat' dir='ltr'>Corporis</span> <span class='ocrx_word' id='word_1_70' title='bbox 1378 726 1479 754; x_wconf 86' lang='lat' dir='ltr'>caret</span> <span class='ocrx_word' id='word_1_71' title='bbox 1503 719 1558 753; x_wconf 71' lang='lat' dir='ltr'>ira</span> <span class='ocrx_word' id='word_1_72' title='bbox 1582 729 1627 753; x_wconf 90' lang='lat' dir='ltr'>ac</span> 
     </span>
     <span class='ocr_line' id='line_1_10' title="bbox 362 774 1626 821; baseline -0.006 -6"><span class='ocrx_word' id='word_1_73' title='bbox 362 787 466 815; x_wconf 84' lang='lat' dir='ltr'>aestu.</span> <span class='ocrx_word' id='word_1_74' title='bbox 516 779 620 813; x_wconf 88' lang='lat' dir='ltr'>Talis</span> <span class='ocrx_word' id='word_1_75' title='bbox 653 784 709 812; x_wconf 90' lang='lat' dir='ltr'>est</span> <span class='ocrx_word' id='word_1_76' title='bbox 745 776 1084 821; x_wconf 88' lang='lat' dir='ltr'>Correspondentia</span> <span class='ocrx_word' id='word_1_77' title='bbox 1116 776 1242 810; x_wconf 88' lang='lat' dir='ltr'>Animi</span> <span class='ocrx_word' id='word_1_78' title='bbox 1276 775 1309 810; x_wconf 66' lang='grc' dir='ltr'>δε</span> <span class='ocrx_word' id='word_1_79' title='bbox 1342 774 1541 820; x_wconf 90' lang='lat' dir='ltr'>Corporis;</span> <span class='ocrx_word' id='word_1_80' title='bbox 1582 784 1626 808; x_wconf 89' lang='lat' dir='ltr'>ac</span> 
     </span>
     <span class='ocr_line' id='line_1_11' title="bbox 361 830 1627 880; baseline -0.006 -9"><span class='ocrx_word' id='word_1_81' title='bbox 361 836 551 880; x_wconf 90' lang='lat' dir='ltr'>utriusque</span> <span class='ocrx_word' id='word_1_82' title='bbox 580 833 817 868; x_wconf 85' lang='lat' dir='ltr'>affectionum</span> <span class='ocrx_word' id='word_1_83' title='bbox 847 844 911 867; x_wconf 91' lang='lat' dir='ltr'>seu</span> <span class='ocrx_word' id='word_1_84' title='bbox 936 832 1178 877; x_wconf 88' lang='lat' dir='ltr'>passionum;</span> <span class='ocrx_word' id='word_1_85' title='bbox 1203 837 1427 876; x_wconf 90' lang='lat' dir='ltr'>quapropter</span> <span class='ocrx_word' id='word_1_86' title='bbox 1452 831 1483 865; x_wconf 92' lang='lat' dir='ltr'>si</span> <span class='ocrx_word' id='word_1_87' title='bbox 1506 830 1627 875; x_wconf 84' lang='lat' dir='ltr'>ipsam</span> 
     </span>
     <span class='ocr_line' id='line_1_12' title="bbox 364 886 1626 935; baseline -0.005 -9"><span class='ocrx_word' id='word_1_88' title='bbox 364 891 556 935; x_wconf 84' lang='lat' dir='ltr'>Originem</span> <span class='ocrx_word' id='word_1_89' title='bbox 576 889 794 923; x_wconf 88' lang='lat' dir='ltr'>Morborum</span> <span class='ocrx_word' id='word_1_90' title='bbox 815 888 989 932; x_wconf 89' lang='lat' dir='ltr'>Corporis</span> <span class='ocrx_word' id='word_1_91' title='bbox 1009 887 1232 931; x_wconf 84' lang='lat' dir='ltr'>investigare</span> <span class='ocrx_word' id='word_1_92' title='bbox 1248 887 1416 930; x_wconf 90' lang='lat' dir='ltr'>velimus,</span> <span class='ocrx_word' id='word_1_93' title='bbox 1434 886 1483 920; x_wconf 92' lang='lat' dir='ltr'>ad</span> <span class='ocrx_word' id='word_1_94' title='bbox 1504 886 1626 931; x_wconf 90' lang='lat' dir='ltr'>ipsum</span> 
     </span>
     <span class='ocr_line' id='line_1_13' title="bbox 361 942 1628 989; baseline -0.006 -8"><span class='ocrx_word' id='word_1_95' title='bbox 361 947 551 989; x_wconf 88' lang='lat' dir='ltr'>Animum,</span> <span class='ocrx_word' id='word_1_96' title='bbox 570 952 634 979; x_wconf 84' lang='lat' dir='ltr'>seu</span> <span class='ocrx_word' id='word_1_97' title='bbox 652 943 860 989; x_wconf 85' lang='lat' dir='ltr'>principem</span> <span class='ocrx_word' id='word_1_98' title='bbox 880 942 1024 986; x_wconf 83' lang='lat' dir='ltr'>Mundi,</span> <span class='ocrx_word' id='word_1_99' title='bbox 1044 943 1106 987; x_wconf 88' lang='lat' dir='ltr'>qui</span> <span class='ocrx_word' id='word_1_100' title='bbox 1124 942 1302 976; x_wconf 89' lang='lat' dir='ltr'>Animum</span> <span class='ocrx_word' id='word_1_101' title='bbox 1318 942 1423 986; x_wconf 82' lang='lat' dir='ltr'>regit,</span> <span class='ocrx_word' id='word_1_102' title='bbox 1440 951 1628 976; x_wconf 89' lang='lat' dir='ltr'>recurren-</span> 
     </span>
     <span class='ocr_line' id='line_1_14' title="bbox 362 995 1628 1044; baseline -0.006 -8"><span class='ocrx_word' id='word_1_103' title='bbox 362 1003 452 1037; x_wconf 92' lang='lat' dir='ltr'>dum</span> <span class='ocrx_word' id='word_1_104' title='bbox 467 1008 523 1035; x_wconf 90' lang='lat' dir='ltr'>est</span> <span class='ocrx_word' id='word_1_105' title='bbox 536 1013 544 1042; x_wconf 94' lang='lat'>;</span> <span class='ocrx_word' id='word_1_106' title='bbox 563 1000 612 1034; x_wconf 91' lang='lat' dir='ltr'>da</span> <span class='ocrx_word' id='word_1_107' title='bbox 626 999 717 1033; x_wconf 89' lang='lat' dir='ltr'>mihi</span> <span class='ocrx_word' id='word_1_108' title='bbox 731 1009 858 1044; x_wconf 82' lang='lat' dir='ltr'>quaeso</span> <span class='ocrx_word' id='word_1_109' title='bbox 871 1009 987 1032; x_wconf 92' lang='lat' dir='ltr'>unum</span> <span class='ocrx_word' id='word_1_110' title='bbox 1000 997 1182 1041; x_wconf 83' lang='lat' dir='ltr'>morbum,</span> <span class='ocrx_word' id='word_1_111' title='bbox 1195 1008 1271 1031; x_wconf 92' lang='lat' dir='ltr'>non</span> <span class='ocrx_word' id='word_1_112' title='bbox 1284 997 1332 1031; x_wconf 91' lang='lat' dir='ltr'>ab</span> <span class='ocrx_word' id='word_1_113' title='bbox 1344 995 1628 1041; x_wconf 75' lang='lat' dir='ltr'>intemperantia</span> 
     </span>
     <span class='ocr_line' id='line_1_15' title="bbox 363 1051 1628 1102; baseline -0.006 -10"><span class='ocrx_word' id='word_1_114' title='bbox 363 1069 407 1092; x_wconf 92' lang='lat' dir='ltr'>ac</span> <span class='ocrx_word' id='word_1_115' title='bbox 425 1055 669 1102; x_wconf 81' lang='lat' dir='ltr'>praedominio</span> <span class='ocrx_word' id='word_1_116' title='bbox 686 1054 825 1098; x_wconf 87' lang='lat' dir='ltr'>Animi,</span> <span class='ocrx_word' id='word_1_117' title='bbox 843 1053 920 1088; x_wconf 92' lang='lat' dir='ltr'>sive</span> <span class='ocrx_word' id='word_1_118' title='bbox 938 1053 976 1087; x_wconf 92' lang='lat' dir='ltr'>in</span> <span class='ocrx_word' id='word_1_119' title='bbox 996 1054 1154 1088; x_wconf 85' lang='lat' dir='ltr'>Parente</span> <span class='ocrx_word' id='word_1_120' title='bbox 1172 1053 1249 1088; x_wconf 90' lang='lat' dir='ltr'>sive</span> <span class='ocrx_word' id='word_1_121' title='bbox 1267 1053 1304 1087; x_wconf 92' lang='lat' dir='ltr'>in</span> <span class='ocrx_word' id='word_1_122' title='bbox 1320 1052 1493 1095; x_wconf 88' lang='lat' dir='ltr'>Haerede,</span> <span class='ocrx_word' id='word_1_123' title='bbox 1508 1051 1628 1086; x_wconf 92' lang='lat' dir='ltr'>oriun-</span> 
     </span>
     <span class='ocr_line' id='line_1_16' title="bbox 363 1106 1629 1157; baseline -0.005 -10"><span class='ocrx_word' id='word_1_124' title='bbox 363 1113 464 1157; x_wconf 89' lang='lat' dir='ltr'>dam,</span> <span class='ocrx_word' id='word_1_125' title='bbox 482 1112 515 1146; x_wconf 71' lang='grc' dir='ltr'>ἃ</span> <span class='ocrx_word' id='word_1_126' title='bbox 538 1111 631 1144; x_wconf 91' lang='lat' dir='ltr'>mihi</span> <span class='ocrx_word' id='word_1_127' title='bbox 654 1110 725 1145; x_wconf 92' lang='lat' dir='ltr'>eris</span> <span class='ocrx_word' id='word_1_128' title='bbox 748 1121 905 1154; x_wconf 86' lang='lat' dir='ltr'>magnus</span> <span class='ocrx_word' id='word_1_129' title='bbox 929 1109 1088 1154; x_wconf 81' lang='lat' dir='ltr'>Ap01103</span> <span class='ocrx_word' id='word_1_130' title='bbox 1115 1109 1147 1143; x_wconf 73' lang='grc' dir='ltr'>δε</span> <span class='ocrx_word' id='word_1_131' title='bbox 1173 1120 1220 1143; x_wconf 91' lang='lat' dir='ltr'>ne</span> <span class='ocrx_word' id='word_1_132' title='bbox 1245 1108 1397 1154; x_wconf 89' lang='lat' dir='ltr'>quidem</span> <span class='ocrx_word' id='word_1_133' title='bbox 1421 1106 1629 1152; x_wconf 86' lang='lat' dir='ltr'>excipiendi</span> 
     </span>
     <span class='ocr_line' id='line_1_17' title="bbox 364 1163 1629 1208; baseline -0.006 -5"><span class='ocrx_word' id='word_1_134' title='bbox 364 1175 449 1203; x_wconf 89' lang='lat' dir='ltr'>sunt</span> <span class='ocrx_word' id='word_1_135' title='bbox 463 1167 582 1201; x_wconf 91' lang='lat' dir='ltr'>morbi</span> <span class='ocrx_word' id='word_1_136' title='bbox 596 1178 618 1200; x_wconf 94' lang='lat' dir='ltr'>a</span> <span class='ocrx_word' id='word_1_137' title='bbox 633 1165 790 1200; x_wconf 80' lang='lat' dir='ltr'>Casibus</span> <span class='ocrx_word' id='word_1_138' title='bbox 803 1165 960 1199; x_wconf 87' lang='lat' dir='ltr'>fortuitis</span> <span class='ocrx_word' id='word_1_139' title='bbox 974 1164 1184 1208; x_wconf 83' lang='lat' dir='ltr'>existentes,</span> <span class='ocrx_word' id='word_1_140' title='bbox 1197 1175 1284 1198; x_wconf 88' lang='lat' dir='ltr'>nam</span> <span class='ocrx_word' id='word_1_141' title='bbox 1298 1164 1411 1199; x_wconf 88' lang='lat' dir='ltr'>etiam</span> <span class='ocrx_word' id='word_1_142' title='bbox 1425 1163 1507 1197; x_wconf 90' lang='lat' dir='ltr'>illos</span> <span class='ocrx_word' id='word_1_143' title='bbox 1522 1173 1629 1197; x_wconf 89' lang='lat' dir='ltr'>casus</span> 
     </span>
     <span class='ocr_line' id='line_1_18' title="bbox 363 1218 1630 1265; baseline -0.005 -7"><span class='ocrx_word' id='word_1_144' title='bbox 363 1223 616 1263; x_wconf 90' lang='lat' dir='ltr'>evitavissent,</span> <span class='ocrx_word' id='word_1_145' title='bbox 646 1221 676 1255; x_wconf 89' lang='lat' dir='ltr'>si</span> <span class='ocrx_word' id='word_1_146' title='bbox 704 1232 779 1255; x_wconf 89' lang='lat' dir='ltr'>non</span> <span class='ocrx_word' id='word_1_147' title='bbox 807 1221 875 1255; x_wconf 91' lang='lat' dir='ltr'>sub</span> <span class='ocrx_word' id='word_1_148' title='bbox 903 1226 1086 1265; x_wconf 82' lang='lat' dir='ltr'>potestate</span> <span class='ocrx_word' id='word_1_149' title='bbox 1113 1220 1218 1254; x_wconf 86' lang='lat' dir='ltr'>istius</span> <span class='ocrx_word' id='word_1_150' title='bbox 1247 1219 1424 1264; x_wconf 88' lang='lat' dir='ltr'>principis</span> <span class='ocrx_word' id='word_1_151' title='bbox 1450 1218 1630 1259; x_wconf 90' lang='lat' dir='ltr'>fuissent;</span> 
     </span>
     <span class='ocr_line' id='line_1_19' title="bbox 364 1274 1632 1322; baseline -0.005 -9"><span class='ocrx_word' id='word_1_152' title='bbox 364 1279 497 1314; x_wconf 88' lang='lat' dir='ltr'>exinde</span> <span class='ocrx_word' id='word_1_153' title='bbox 522 1278 647 1322; x_wconf 86' lang='lat' dir='ltr'>liquet,</span> <span class='ocrx_word' id='word_1_154' title='bbox 666 1276 765 1321; x_wconf 85' lang='lat' dir='ltr'>quod</span> <span class='ocrx_word' id='word_1_155' title='bbox 791 1275 947 1310; x_wconf 88' lang='lat' dir='ltr'>totidem</span> <span class='ocrx_word' id='word_1_156' title='bbox 974 1275 1047 1309; x_wconf 89' lang='lat' dir='ltr'>sint</span> <span class='ocrx_word' id='word_1_157' title='bbox 1075 1275 1248 1320; x_wconf 89' lang='lat' dir='ltr'>Corporis</span> <span class='ocrx_word' id='word_1_158' title='bbox 1276 1274 1410 1318; x_wconf 86' lang='lat' dir='ltr'>Morbi,</span> <span class='ocrx_word' id='word_1_159' title='bbox 1432 1279 1522 1319; x_wconf 86' lang='lat' dir='ltr'>quot</span> <span class='ocrx_word' id='word_1_160' title='bbox 1546 1279 1632 1308; x_wconf 86' lang='lat' dir='ltr'>sunt</span> 
     </span>
     <span class='ocr_line' id='line_1_20' title="bbox 367 1330 1632 1376; baseline -0.005 -8"><span class='ocrx_word' id='word_1_161' title='bbox 367 1333 568 1376; x_wconf 91' lang='lat' dir='ltr'>Libidines,</span> <span class='ocrx_word' id='word_1_162' title='bbox 587 1339 650 1366; x_wconf 89' lang='lat' dir='ltr'>aut</span> <span class='ocrx_word' id='word_1_163' title='bbox 678 1331 910 1376; x_wconf 89' lang='lat' dir='ltr'>Cupiditates</span> <span class='ocrx_word' id='word_1_164' title='bbox 935 1331 1061 1364; x_wconf 86' lang='lat' dir='ltr'>Animi</span> <span class='ocrx_word' id='word_1_165' title='bbox 1087 1330 1124 1364; x_wconf 93' lang='lat' dir='ltr'>in</span> <span class='ocrx_word' id='word_1_166' title='bbox 1150 1331 1359 1365; x_wconf 90' lang='lat' dir='ltr'>libertatem</span> <span class='ocrx_word' id='word_1_167' title='bbox 1377 1330 1534 1372; x_wconf 84' lang='lat' dir='ltr'>emissae,</span> <span class='ocrx_word' id='word_1_168' title='bbox 1552 1334 1632 1363; x_wconf 90' lang='lat' dir='ltr'>tum</span> 
     </span>
     <span class='ocr_line' id='line_1_21' title="bbox 365 1383 1631 1434; baseline -0.005 -11"><span class='ocrx_word' id='word_1_169' title='bbox 365 1395 455 1434; x_wconf 89' lang='lat' dir='ltr'>quot</span> <span class='ocrx_word' id='word_1_170' title='bbox 475 1394 559 1423; x_wconf 89' lang='lat' dir='ltr'>sunt</span> <span class='ocrx_word' id='word_1_171' title='bbox 578 1387 815 1421; x_wconf 80' lang='lat' dir='ltr'>affectionum</span> <span class='ocrx_word' id='word_1_172' title='bbox 833 1386 1020 1428; x_wconf 68' lang='lat' dir='ltr'>miscellae,</span> <span class='ocrx_word' id='word_1_173' title='bbox 1039 1385 1134 1419; x_wconf 89' lang='lat' dir='ltr'>sicut</span> <span class='ocrx_word' id='word_1_174' title='bbox 1152 1386 1249 1420; x_wconf 91' lang='lat' dir='ltr'>clare</span> <span class='ocrx_word' id='word_1_175' title='bbox 1263 1397 1286 1419; x_wconf 92' lang='lat' dir='ltr'>a</span> <span class='ocrx_word' id='word_1_176' title='bbox 1302 1385 1495 1428; x_wconf 88' lang='lat' dir='ltr'>Febribus,</span> <span class='ocrx_word' id='word_1_177' title='bbox 1514 1383 1631 1418; x_wconf 91' lang='lat' dir='ltr'>omni-</span> 
     </span>
     <span class='ocr_line' id='line_1_22' title="bbox 365 1440 1632 1489; baseline -0.004 -11"><span class='ocrx_word' id='word_1_178' title='bbox 365 1445 510 1489; x_wconf 88' lang='lat' dir='ltr'>busque</span> <span class='ocrx_word' id='word_1_179' title='bbox 528 1453 654 1477; x_wconf 90' lang='lat' dir='ltr'>earum</span> <span class='ocrx_word' id='word_1_180' title='bbox 673 1442 878 1486; x_wconf 87' lang='lat' dir='ltr'>speciebus,</span> <span class='ocrx_word' id='word_1_181' title='bbox 894 1441 1049 1486; x_wconf 88' lang='lat' dir='ltr'>aliisque</span> <span class='ocrx_word' id='word_1_182' title='bbox 1066 1441 1234 1485; x_wconf 86' lang='lat' dir='ltr'>patescit,</span> <span class='ocrx_word' id='word_1_183' title='bbox 1249 1441 1343 1475; x_wconf 86' lang='lat' dir='ltr'>sicut</span> <span class='ocrx_word' id='word_1_184' title='bbox 1356 1441 1404 1475; x_wconf 91' lang='lat' dir='ltr'>ab</span> <span class='ocrx_word' id='word_1_185' title='bbox 1417 1440 1632 1474; x_wconf 89' lang='lat' dir='ltr'>ardentibus</span> 
     </span>
     <span class='ocr_line' id='line_1_23' title="bbox 367 1495 1634 1541; baseline -0.004 -7"><span class='ocrx_word' id='word_1_186' title='bbox 367 1511 432 1534; x_wconf 90' lang='lat' dir='ltr'>seu</span> <span class='ocrx_word' id='word_1_187' title='bbox 459 1497 644 1541; x_wconf 89' lang='lat' dir='ltr'>causticis,</span> <span class='ocrx_word' id='word_1_188' title='bbox 669 1496 846 1541; x_wconf 90' lang='lat' dir='ltr'>lippyriis,</span> <span class='ocrx_word' id='word_1_189' title='bbox 871 1496 991 1539; x_wconf 89' lang='lat' dir='ltr'>lentis,</span> <span class='ocrx_word' id='word_1_190' title='bbox 1024 1496 1280 1541; x_wconf 86' lang='lat' dir='ltr'>colliquativis,</span> <span class='ocrx_word' id='word_1_191' title='bbox 1308 1496 1492 1540; x_wconf 80' lang='lat' dir='ltr'>malignis,</span> <span class='ocrx_word' id='word_1_192' title='bbox 1522 1495 1634 1529; x_wconf 87' lang='lat' dir='ltr'>inter-</span> 
     </span>
     <span class='ocr_line' id='line_1_24' title="bbox 366 1551 1632 1596; baseline -0.004 -7"><span class='ocrx_word' id='word_1_193' title='bbox 366 1554 610 1596; x_wconf 85' lang='lat' dir='ltr'>mittentibus,</span> <span class='ocrx_word' id='word_1_194' title='bbox 640 1564 662 1586; x_wconf 96' lang='lat' dir='ltr'>a</span> <span class='ocrx_word' id='word_1_195' title='bbox 698 1552 841 1586; x_wconf 86' lang='lat' dir='ltr'>Morbis</span> <span class='ocrx_word' id='word_1_196' title='bbox 873 1551 1066 1595; x_wconf 86' lang='lat' dir='ltr'>maniacis,</span> <span class='ocrx_word' id='word_1_197' title='bbox 1095 1552 1385 1595; x_wconf 86' lang='lat' dir='ltr'>melancholicis,</span> <span class='ocrx_word' id='word_1_198' title='bbox 1419 1551 1632 1595; x_wconf 89' lang='lat' dir='ltr'>hypochon-</span> 
     </span>
     <span class='ocr_line' id='line_1_25' title="bbox 368 1606 1633 1651; baseline -0.003 -7"><span class='ocrx_word' id='word_1_199' title='bbox 368 1611 514 1651; x_wconf 87' lang='lat' dir='ltr'>driacis‚</span> <span class='ocrx_word' id='word_1_200' title='bbox 533 1609 597 1643; x_wconf 70' lang='lat' dir='ltr'>&amp;o</span> <span class='ocrx_word' id='word_1_201' title='bbox 617 1615 656 1642; x_wconf 90' lang='lat' dir='ltr'>ut</span> <span class='ocrx_word' id='word_1_202' title='bbox 675 1608 795 1641; x_wconf 92' lang='lat' dir='ltr'>solum</span> <span class='ocrx_word' id='word_1_203' title='bbox 816 1607 958 1641; x_wconf 89' lang='lat' dir='ltr'>Deliria</span> <span class='ocrx_word' id='word_1_204' title='bbox 975 1607 1133 1641; x_wconf 87' lang='lat' dir='ltr'>febrium</span> <span class='ocrx_word' id='word_1_205' title='bbox 1157 1607 1421 1651; x_wconf 85' lang='lat' dir='ltr'>expendamus,</span> <span class='ocrx_word' id='word_1_206' title='bbox 1440 1607 1477 1640; x_wconf 88' lang='lat' dir='ltr'>in</span> <span class='ocrx_word' id='word_1_207' title='bbox 1500 1606 1633 1651; x_wconf 90' lang='lat' dir='ltr'>quibus</span> 
     </span>
     <span class='ocr_line' id='line_1_26' title="bbox 369 1661 1633 1709; baseline -0.004 -9"><span class='ocrx_word' id='word_1_208' title='bbox 369 1665 457 1709; x_wconf 81' lang='lat' dir='ltr'>aegri</span> <span class='ocrx_word' id='word_1_209' title='bbox 482 1674 652 1709; x_wconf 88' lang='lat' dir='ltr'>perverse</span> <span class='ocrx_word' id='word_1_210' title='bbox 678 1662 804 1696; x_wconf 88' lang='lat' dir='ltr'>omnia</span> <span class='ocrx_word' id='word_1_211' title='bbox 829 1662 991 1696; x_wconf 89' lang='lat' dir='ltr'>sentiunt</span> <span class='ocrx_word' id='word_1_212' title='bbox 1017 1662 1050 1696; x_wconf 71' lang='lat' dir='ltr'>Sc</span> <span class='ocrx_word' id='word_1_213' title='bbox 1075 1661 1295 1706; x_wconf 88' lang='lat' dir='ltr'>percipiunt,</span> <span class='ocrx_word' id='word_1_214' title='bbox 1314 1662 1501 1696; x_wconf 89' lang='lat' dir='ltr'>somniant</span> <span class='ocrx_word' id='word_1_215' title='bbox 1527 1662 1633 1706; x_wconf 86' lang='lat' dir='ltr'>quasi</span> 
     </span>
     <span class='ocr_line' id='line_1_27' title="bbox 369 1717 1634 1765; baseline -0.004 -10"><span class='ocrx_word' id='word_1_216' title='bbox 369 1720 510 1765; x_wconf 87' lang='lat' dir='ltr'>vigiles,</span> <span class='ocrx_word' id='word_1_217' title='bbox 528 1720 730 1763; x_wconf 87' lang='lat' dir='ltr'>videntque</span> <span class='ocrx_word' id='word_1_218' title='bbox 755 1729 830 1752; x_wconf 89' lang='lat' dir='ltr'>non</span> <span class='ocrx_word' id='word_1_219' title='bbox 856 1717 947 1761; x_wconf 90' lang='lat' dir='ltr'>visa,</span> <span class='ocrx_word' id='word_1_220' title='bbox 963 1717 1119 1751; x_wconf 90' lang='lat' dir='ltr'>audiunt</span> <span class='ocrx_word' id='word_1_221' title='bbox 1144 1728 1219 1751; x_wconf 91' lang='lat' dir='ltr'>non</span> <span class='ocrx_word' id='word_1_222' title='bbox 1244 1717 1406 1762; x_wconf 88' lang='lat' dir='ltr'>loquuta,</span> <span class='ocrx_word' id='word_1_223' title='bbox 1425 1717 1565 1751; x_wconf 88' lang='lat' dir='ltr'>faciunt</span> <span class='ocrx_word' id='word_1_224' title='bbox 1590 1727 1634 1751; x_wconf 85' lang='lat' dir='ltr'>ex</span> 
     </span>
     <span class='ocr_line' id='line_1_28' title="bbox 370 1771 1634 1816; baseline -0.003 -7"><span class='ocrx_word' id='word_1_225' title='bbox 370 1775 469 1810; x_wconf 75' lang='lat' dir='ltr'>nulla</span> <span class='ocrx_word' id='word_1_226' title='bbox 495 1774 608 1809; x_wconf 74' lang='lat' dir='ltr'>causa</span> <span class='ocrx_word' id='word_1_227' title='bbox 636 1780 675 1807; x_wconf 86' lang='lat' dir='ltr'>ut</span> <span class='ocrx_word' id='word_1_228' title='bbox 701 1784 745 1807; x_wconf 85' lang='lat' dir='ltr'>ex</span> <span class='ocrx_word' id='word_1_229' title='bbox 770 1772 894 1815; x_wconf 75' lang='lat' dir='ltr'>causa,</span> <span class='ocrx_word' id='word_1_230' title='bbox 920 1772 1066 1816; x_wconf 90' lang='lat' dir='ltr'>plumas</span> <span class='ocrx_word' id='word_1_231' title='bbox 1092 1772 1125 1806; x_wconf 88' lang='lat'>&amp;</span> <span class='ocrx_word' id='word_1_232' title='bbox 1149 1771 1286 1806; x_wconf 91' lang='lat' dir='ltr'>floccos</span> <span class='ocrx_word' id='word_1_233' title='bbox 1313 1772 1407 1806; x_wconf 91' lang='lat' dir='ltr'>sicut</span> <span class='ocrx_word' id='word_1_234' title='bbox 1432 1778 1634 1816; x_wconf 85' lang='lat' dir='ltr'>praesentes</span> 
     </span>
     <span class='ocr_line' id='line_1_29' title="bbox 370 1827 1634 1876; baseline -0.005 -10"><span class='ocrx_word' id='word_1_235' title='bbox 370 1832 507 1876; x_wconf 81' lang='lat' dir='ltr'>legunt,</span> <span class='ocrx_word' id='word_1_236' title='bbox 519 1831 626 1863; x_wconf 85' lang='lat' dir='ltr'>lanas</span> <span class='ocrx_word' id='word_1_237' title='bbox 646 1834 854 1870; x_wconf 88' lang='lat' dir='ltr'>secernunt,</span> <span class='ocrx_word' id='word_1_238' title='bbox 866 1828 1006 1862; x_wconf 85' lang='lat' dir='ltr'>amicos</span> <span class='ocrx_word' id='word_1_239' title='bbox 1025 1827 1175 1862; x_wconf 90' lang='lat' dir='ltr'>horrent</span> <span class='ocrx_word' id='word_1_240' title='bbox 1192 1833 1230 1861; x_wconf 92' lang='lat' dir='ltr'>ut</span> <span class='ocrx_word' id='word_1_241' title='bbox 1248 1827 1372 1870; x_wconf 88' lang='lat' dir='ltr'>furias,</span> <span class='ocrx_word' id='word_1_242' title='bbox 1384 1837 1517 1872; x_wconf 93' lang='lat' dir='ltr'>pueros</span> <span class='ocrx_word' id='word_1_243' title='bbox 1532 1837 1634 1871; x_wconf 91' lang='lat' dir='ltr'>spec-</span> 
     </span>
     <span class='ocr_line' id='line_1_30' title="bbox 371 1882 1635 1930; baseline -0.003 -10"><span class='ocrx_word' id='word_1_244' title='bbox 371 1893 451 1921; x_wconf 86' lang='lat' dir='ltr'>tant</span> <span class='ocrx_word' id='word_1_245' title='bbox 480 1886 660 1930; x_wconf 82' lang='lat' dir='ltr'>gigantes,</span> <span class='ocrx_word' id='word_1_246' title='bbox 688 1884 797 1918; x_wconf 88' lang='lat' dir='ltr'>obvia</span> <span class='ocrx_word' id='word_1_247' title='bbox 826 1890 865 1917; x_wconf 88' lang='lat' dir='ltr'>ut</span> <span class='ocrx_word' id='word_1_248' title='bbox 895 1889 1050 1927; x_wconf 90' lang='lat' dir='ltr'>spectra,</span> <span class='ocrx_word' id='word_1_249' title='bbox 1081 1883 1146 1917; x_wconf 71' lang='lat' dir='ltr'>&amp;o</span> <span class='ocrx_word' id='word_1_250' title='bbox 1206 1883 1330 1917; x_wconf 90' lang='lat' dir='ltr'>Verbo</span> <span class='ocrx_word' id='word_1_251' title='bbox 1361 1893 1490 1916; x_wconf 89' lang='lat' dir='ltr'>omnes</span> <span class='ocrx_word' id='word_1_252' title='bbox 1521 1882 1635 1916; x_wconf 91' lang='lat' dir='ltr'>animi</span> 
     </span>
     <span class='ocr_line' id='line_1_31' title="bbox 372 1937 1636 1984; baseline -0.005 -8"><span class='ocrx_word' id='word_1_253' title='bbox 372 1942 586 1976; x_wconf 83' lang='lat' dir='ltr'>affectiones</span> <span class='ocrx_word' id='word_1_254' title='bbox 619 1946 726 1984; x_wconf 85' lang='lat' dir='ltr'>typos</span> <span class='ocrx_word' id='word_1_255' title='bbox 760 1938 815 1973; x_wconf 89' lang='lat' dir='ltr'>sui</span> <span class='ocrx_word' id='word_1_256' title='bbox 848 1938 886 1972; x_wconf 89' lang='lat' dir='ltr'>in</span> <span class='ocrx_word' id='word_1_257' title='bbox 916 1938 1055 1972; x_wconf 91' lang='lat' dir='ltr'>morbis</span> <span class='ocrx_word' id='word_1_258' title='bbox 1087 1938 1259 1983; x_wconf 87' lang='lat' dir='ltr'>Corporis</span> <span class='ocrx_word' id='word_1_259' title='bbox 1290 1938 1459 1972; x_wconf 90' lang='lat' dir='ltr'>formant.</span> <span class='ocrx_word' id='word_1_260' title='bbox 1519 1937 1636 1971; x_wconf 87' lang='lat' dir='ltr'>Aliter</span> 
     </span>
     <span class='ocr_line' id='line_1_32' title="bbox 372 1991 1636 2042; baseline -0.005 -11"><span class='ocrx_word' id='word_1_261' title='bbox 372 2008 533 2042; x_wconf 89' lang='lat' dir='ltr'>prorsus,</span> <span class='ocrx_word' id='word_1_262' title='bbox 552 1995 582 2029; x_wconf 89' lang='lat' dir='ltr'>si</span> <span class='ocrx_word' id='word_1_263' title='bbox 608 1994 765 2027; x_wconf 91' lang='lat' dir='ltr'>Animus</span> <span class='ocrx_word' id='word_1_264' title='bbox 790 1993 935 2027; x_wconf 86' lang='lat' dir='ltr'>vinctus</span> <span class='ocrx_word' id='word_1_265' title='bbox 961 1998 1154 2035; x_wconf 89' lang='lat' dir='ltr'>teneretur,</span> <span class='ocrx_word' id='word_1_266' title='bbox 1177 1993 1209 2026; x_wconf 67' lang='grc' dir='ltr'>δε</span> <span class='ocrx_word' id='word_1_267' title='bbox 1234 2003 1256 2026; x_wconf 93' lang='lat' dir='ltr'>a</span> <span class='ocrx_word' id='word_1_268' title='bbox 1283 1993 1422 2035; x_wconf 85' lang='lat' dir='ltr'>Mente,</span> <span class='ocrx_word' id='word_1_269' title='bbox 1441 1991 1478 2025; x_wconf 92' lang='lat' dir='ltr'>id</span> <span class='ocrx_word' id='word_1_270' title='bbox 1504 1998 1571 2034; x_wconf 92' lang='lat' dir='ltr'>est,</span> <span class='ocrx_word' id='word_1_271' title='bbox 1589 1992 1636 2025; x_wconf 88' lang='lat' dir='ltr'>ab</span> 
     </span>
     <span class='ocr_line' id='line_1_33' title="bbox 372 2047 1636 2093; baseline -0.004 -7"><span class='ocrx_word' id='word_1_272' title='bbox 372 2054 512 2086; x_wconf 89' lang='lat' dir='ltr'>Amore</span> <span class='ocrx_word' id='word_1_273' title='bbox 547 2050 649 2093; x_wconf 78' lang='lat' dir='ltr'>Caeli,</span> <span class='ocrx_word' id='word_1_274' title='bbox 678 2049 930 2093; x_wconf 89' lang='lat' dir='ltr'>imperaretur.</span> <span class='ocrx_word' id='word_1_275' title='bbox 991 2049 1113 2082; x_wconf 85' lang='lat' dir='ltr'>Causa</span> <span class='ocrx_word' id='word_1_276' title='bbox 1146 2059 1234 2092; x_wconf 85' lang='lat' dir='ltr'>ergo</span> <span class='ocrx_word' id='word_1_277' title='bbox 1269 2048 1413 2089; x_wconf 89' lang='lat' dir='ltr'>Mortis,</span> <span class='ocrx_word' id='word_1_278' title='bbox 1448 2058 1469 2081; x_wconf 92' lang='lat' dir='ltr'>a</span> <span class='ocrx_word' id='word_1_279' title='bbox 1505 2047 1636 2082; x_wconf 89' lang='lat' dir='ltr'>Causis</span> 
     </span>
     <span class='ocr_line' id='line_1_34' title="bbox 376 2104 1636 2150; baseline -0.004 -8"><span class='ocrx_word' id='word_1_280' title='bbox 376 2108 593 2142; x_wconf 87' lang='lat' dir='ltr'>Morborum</span> <span class='ocrx_word' id='word_1_281' title='bbox 618 2104 776 2150; x_wconf 83' lang='lat' dir='ltr'>judicari</span> <span class='ocrx_word' id='word_1_282' title='bbox 806 2104 927 2148; x_wconf 88' lang='lat' dir='ltr'>debet,</span> <span class='ocrx_word' id='word_1_283' title='bbox 952 2115 1040 2138; x_wconf 89' lang='lat' dir='ltr'>nam</span> <span class='ocrx_word' id='word_1_284' title='bbox 1066 2110 1154 2149; x_wconf 86' lang='lat' dir='ltr'>quot</span> <span class='ocrx_word' id='word_1_285' title='bbox 1180 2115 1303 2138; x_wconf 77' lang='lat' dir='ltr'>causae</span> <span class='ocrx_word' id='word_1_286' title='bbox 1331 2104 1558 2147; x_wconf 87' lang='lat' dir='ltr'>Morborum,</span> <span class='ocrx_word' id='word_1_287' title='bbox 1583 2110 1636 2138; x_wconf 92' lang='lat' dir='ltr'>tot</span> 
     </span>
     <span class='ocr_line' id='line_1_35' title="bbox 374 2158 1635 2203; baseline -0.004 -5"><span class='ocrx_word' id='word_1_288' title='bbox 374 2170 459 2198; x_wconf 87' lang='lat' dir='ltr'>sunt</span> <span class='ocrx_word' id='word_1_289' title='bbox 491 2163 623 2196; x_wconf 84' lang='lat' dir='ltr'>Causae</span> <span class='ocrx_word' id='word_1_290' title='bbox 654 2159 913 2194; x_wconf 88' lang='lat' dir='ltr'>destructionis</span> <span class='ocrx_word' id='word_1_291' title='bbox 945 2159 1043 2193; x_wconf 79' lang='lat' dir='ltr'>Vitae</span> <span class='ocrx_word' id='word_1_292' title='bbox 1078 2160 1284 2203; x_wconf 83' lang='lat' dir='ltr'>Corporeae.</span> <span class='ocrx_word' id='word_1_293' title='bbox 1350 2158 1443 2193; x_wconf 91' lang='lat' dir='ltr'>Inde</span> <span class='ocrx_word' id='word_1_294' title='bbox 1472 2165 1635 2203; x_wconf 89' lang='lat' dir='ltr'>apparet,</span> 
     </span>
     <span class='ocr_line' id='line_1_36' title="bbox 375 2214 1638 2264; baseline -0.004 -11"><span class='ocrx_word' id='word_1_295' title='bbox 375 2218 562 2264; x_wconf 91' lang='lat' dir='ltr'>quomodo</span> <span class='ocrx_word' id='word_1_296' title='bbox 585 2216 702 2250; x_wconf 90' lang='lat' dir='ltr'>hostis</span> <span class='ocrx_word' id='word_1_297' title='bbox 728 2215 799 2258; x_wconf 91' lang='lat' dir='ltr'>ille,</span> <span class='ocrx_word' id='word_1_298' title='bbox 818 2215 880 2260; x_wconf 88' lang='lat' dir='ltr'>qui</span> <span class='ocrx_word' id='word_1_299' title='bbox 904 2216 944 2249; x_wconf 88' lang='lat' dir='ltr'>se</span> <span class='ocrx_word' id='word_1_300' title='bbox 967 2221 1043 2249; x_wconf 89' lang='lat' dir='ltr'>tam</span> <span class='ocrx_word' id='word_1_301' title='bbox 1068 2215 1227 2248; x_wconf 88' lang='lat' dir='ltr'>amicum</span> <span class='ocrx_word' id='word_1_302' title='bbox 1251 2214 1358 2249; x_wconf 91' lang='lat' dir='ltr'>nobis</span> <span class='ocrx_word' id='word_1_303' title='bbox 1383 2214 1534 2259; x_wconf 86' lang='lat' dir='ltr'>praebet,</span> <span class='ocrx_word' id='word_1_304' title='bbox 1552 2215 1638 2249; x_wconf 88' lang='lat' dir='ltr'>tabe</span> 
     </span>
     <span class='ocr_line' id='line_1_37' title="bbox 374 2269 1636 2315; baseline -0.004 -7"><span class='ocrx_word' id='word_1_305' title='bbox 374 2274 515 2308; x_wconf 82' lang='lat' dir='ltr'>inficiat</span> <span class='ocrx_word' id='word_1_306' title='bbox 533 2278 651 2306; x_wconf 90' lang='lat' dir='ltr'>totum</span> <span class='ocrx_word' id='word_1_307' title='bbox 674 2271 827 2315; x_wconf 85' lang='lat' dir='ltr'>Corpus,</span> <span class='ocrx_word' id='word_1_308' title='bbox 846 2270 939 2305; x_wconf 91' lang='lat' dir='ltr'>sicut</span> <span class='ocrx_word' id='word_1_309' title='bbox 964 2270 1144 2313; x_wconf 86' lang='lat' dir='ltr'>Mentem,</span> <span class='ocrx_word' id='word_1_310' title='bbox 1162 2269 1194 2303; x_wconf 72' lang='lat' dir='ltr'>Sc</span> <span class='ocrx_word' id='word_1_311' title='bbox 1217 2269 1382 2304; x_wconf 88' lang='lat' dir='ltr'>discidiis</span> <span class='ocrx_word' id='word_1_312' title='bbox 1407 2280 1536 2304; x_wconf 90' lang='lat' dir='ltr'>omnes</span> <span class='ocrx_word' id='word_1_313' title='bbox 1559 2269 1636 2313; x_wconf 92' lang='lat' dir='ltr'>ejus</span> 
     </span>
     <span class='ocr_line' id='line_1_38' title="bbox 375 2333 663 2372; baseline -0.01 -9"><span class='ocrx_word' id='word_1_314' title='bbox 375 2340 489 2365; x_wconf 87' lang='lat' dir='ltr'>nexus</span> <span class='ocrx_word' id='word_1_315' title='bbox 508 2333 663 2372; x_wconf 86' lang='lat' dir='ltr'>rumpat.</span> 
     </span>
    </p>
   </div>
  </div>
 </body>
</html>
