<?xml version="1.0" encoding="UTF-8"?>
<!DOCTYPE html PUBLIC "-//W3C//DTD XHTML 1.0 Transitional//EN"
    "http://www.w3.org/TR/xhtml1/DTD/xhtml1-transitional.dtd">
<html xmlns="http://www.w3.org/1999/xhtml" xml:lang="en" lang="en">
 <head>
  <title>
</title>
<meta http-equiv="Content-Type" content="text/html;charset=utf-8" />
  <meta name='ocr-system' content='tesseract 3.04.00' />
  <meta name='ocr-capabilities' content='ocr_page ocr_carea ocr_par ocr_line ocrx_word'/>
</head>
<body>
  <div class='ocr_page' id='page_1' title='image "./parsprimadecultu00swed_0105.png"; bbox 0 0 1783 2760; ppageno 0'>
   <div class='ocr_carea' id='block_1_1' title="bbox 406 154 1429 198">
    <p class='ocr_par' dir='ltr' id='par_1_1' title="bbox 406 154 1429 198">
     <span class='ocr_line' id='line_1_1' title="bbox 406 154 1429 198; baseline 0.001 -9"><span class='ocrx_word' id='word_1_1' title='bbox 406 155 483 189; x_wconf 90' lang='lat' dir='ltr'>DE</span> <span class='ocrx_word' id='word_1_2' title='bbox 515 154 787 189; x_wconf 82' lang='lat' dir='ltr'><em>INFANTIA</em></span> <span class='ocrx_word' id='word_1_3' title='bbox 823 154 1207 190; x_wconf 78' lang='lat' dir='ltr'><em>PRIMOGENJTI.</em></span> <span class='ocrx_word' id='word_1_4' title='bbox 1384 163 1429 198; x_wconf 89' lang='lat'>93</span> 
     </span>
    </p>
   </div>
   <div class='ocr_carea' id='block_1_2' title="bbox 171 256 1436 2363">
    <p class='ocr_par' dir='ltr' id='par_1_2' title="bbox 179 256 1436 2363">
     <span class='ocr_line' id='line_1_2' title="bbox 182 256 1431 306; baseline -0.001 -8"><span class='ocrx_word' id='word_1_5' title='bbox 182 258 410 306; x_wconf 88' lang='lat' dir='ltr'>intuentes,</span> <span class='ocrx_word' id='word_1_6' title='bbox 433 271 489 297; x_wconf 84' lang='lat' dir='ltr'>ex</span> <span class='ocrx_word' id='word_1_7' title='bbox 510 257 661 297; x_wconf 85' lang='lat' dir='ltr'>ardore</span> <span class='ocrx_word' id='word_1_8' title='bbox 683 256 784 296; x_wconf 88' lang='lat' dir='ltr'>inde</span> <span class='ocrx_word' id='word_1_9' title='bbox 812 262 951 306; x_wconf 87' lang='lat' dir='ltr'>aucto,</span> <span class='ocrx_word' id='word_1_10' title='bbox 977 256 1014 296; x_wconf 66' lang='grc' dir='ltr'>ἃ</span> <span class='ocrx_word' id='word_1_11' title='bbox 1044 256 1171 297; x_wconf 86' lang='lat' dir='ltr'>simul</span> <span class='ocrx_word' id='word_1_12' title='bbox 1198 270 1256 296; x_wconf 86' lang='lat' dir='ltr'>ex</span> <span class='ocrx_word' id='word_1_13' title='bbox 1283 270 1431 297; x_wconf 89' lang='lat' dir='ltr'>amore</span> 
     </span>
     <span class='ocr_line' id='line_1_3' title="bbox 179 324 1429 379; baseline 0 -13"><span class='ocrx_word' id='word_1_14' title='bbox 179 326 272 379; x_wconf 87' lang='lat' dir='ltr'>jam</span> <span class='ocrx_word' id='word_1_15' title='bbox 309 340 334 366; x_wconf 86' lang='lat' dir='ltr'>a</span> <span class='ocrx_word' id='word_1_16' title='bbox 372 325 606 378; x_wconf 86' lang='lat' dir='ltr'>Sapientiis</span> <span class='ocrx_word' id='word_1_17' title='bbox 642 326 729 364; x_wconf 91' lang='lat' dir='ltr'>suis</span> <span class='ocrx_word' id='word_1_18' title='bbox 769 324 921 365; x_wconf 89' lang='lat' dir='ltr'>fortius</span> <span class='ocrx_word' id='word_1_19' title='bbox 961 325 1181 378; x_wconf 81' lang='lat' dir='ltr'>inspirato,</span> <span class='ocrx_word' id='word_1_20' title='bbox 1220 331 1429 378; x_wconf 86' lang='lat' dir='ltr'>tanquam</span> 
     </span>
     <span class='ocr_line' id='line_1_4' title="bbox 171 393 1430 447; baseline -0.002 -11.969"><span class='ocrx_word' id='word_1_21' title='bbox 171 398 310 435; x_wconf 80' lang='lat' dir='ltr'>extra</span> <span class='ocrx_word' id='word_1_22' title='bbox 338 409 383 435; x_wconf 93' lang='lat' dir='ltr'>se</span> <span class='ocrx_word' id='word_1_23' title='bbox 416 400 587 447; x_wconf 86' lang='lat' dir='ltr'>raptum</span> <span class='ocrx_word' id='word_1_24' title='bbox 617 394 856 434; x_wconf 77' lang='lat' dir='ltr'><strong>sentiebat:</strong></span> <span class='ocrx_word' id='word_1_25' title='bbox 887 407 984 433; x_wconf 89' lang='lat' dir='ltr'>cum</span> <span class='ocrx_word' id='word_1_26' title='bbox 1015 408 1117 434; x_wconf 88' lang='lat' dir='ltr'>vero</span> <span class='ocrx_word' id='word_1_27' title='bbox 1149 394 1190 433; x_wconf 94' lang='lat' dir='ltr'>in</span> <span class='ocrx_word' id='word_1_28' title='bbox 1221 407 1267 433; x_wconf 93' lang='lat' dir='ltr'>se</span> <span class='ocrx_word' id='word_1_29' title='bbox 1297 393 1430 434; x_wconf 86' lang='lat' dir='ltr'>relabi</span> 
     </span>
     <span class='ocr_line' id='line_1_5' title="bbox 184 461 1430 514; baseline -0.002 -11"><span class='ocrx_word' id='word_1_30' title='bbox 184 464 402 511; x_wconf 80' lang='lat' dir='ltr'>niteretur,</span> <span class='ocrx_word' id='word_1_31' title='bbox 432 476 485 502; x_wconf 91' lang='lat' dir='ltr'>en</span> <span class='ocrx_word' id='word_1_32' title='bbox 513 463 703 514; x_wconf 88' lang='lat' dir='ltr'>seipsum</span> <span class='ocrx_word' id='word_1_33' title='bbox 732 462 773 501; x_wconf 93' lang='lat' dir='ltr'>in</span> <span class='ocrx_word' id='word_1_34' title='bbox 804 462 948 501; x_wconf 90' lang='lat' dir='ltr'>medio</span> <span class='ocrx_word' id='word_1_35' title='bbox 978 461 1156 502; x_wconf 88' lang='lat' dir='ltr'>Amoris</span> <span class='ocrx_word' id='word_1_36' title='bbox 1183 462 1360 514; x_wconf 89' lang='lat' dir='ltr'>gremio,</span> <span class='ocrx_word' id='word_1_37' title='bbox 1392 462 1430 502; x_wconf 84' lang='lat'>&amp;</span> 
     </span>
     <span class='ocr_line' id='line_1_6' title="bbox 183 530 1432 582; baseline 0 -11"><span class='ocrx_word' id='word_1_38' title='bbox 183 532 310 572; x_wconf 88' lang='lat' dir='ltr'>simul</span> <span class='ocrx_word' id='word_1_39' title='bbox 334 531 524 571; x_wconf 89' lang='lat' dir='ltr'>medium</span> <span class='ocrx_word' id='word_1_40' title='bbox 547 531 589 570; x_wconf 91' lang='lat' dir='ltr'>in</span> <span class='ocrx_word' id='word_1_41' title='bbox 616 531 827 570; x_wconf 86' lang='lat' dir='ltr'>Divorum</span> <span class='ocrx_word' id='word_1_42' title='bbox 850 530 992 579; x_wconf 88' lang='lat' dir='ltr'>choro,</span> <span class='ocrx_word' id='word_1_43' title='bbox 1012 530 1189 570; x_wconf 89' lang='lat' dir='ltr'>videbat</span> <span class='ocrx_word' id='word_1_44' title='bbox 1208 545 1216 580; x_wconf 87' lang='lat'>;</span> <span class='ocrx_word' id='word_1_45' title='bbox 1246 543 1432 582; x_wconf 87' lang='lat' dir='ltr'>cumque</span> 
     </span>
     <span class='ocr_line' id='line_1_7' title="bbox 184 598 1432 652; baseline 0 -13"><span class='ocrx_word' id='word_1_46' title='bbox 184 613 230 639; x_wconf 92' lang='lat' dir='ltr'>se</span> <span class='ocrx_word' id='word_1_47' title='bbox 251 600 367 652; x_wconf 86' lang='lat' dir='ltr'>prius</span> <span class='ocrx_word' id='word_1_48' title='bbox 388 598 509 638; x_wconf 88' lang='lat' dir='ltr'>humi</span> <span class='ocrx_word' id='word_1_49' title='bbox 538 605 809 651; x_wconf 79' lang='lat' dir='ltr'>prosternere</span> <span class='ocrx_word' id='word_1_50' title='bbox 837 598 993 638; x_wconf 86' lang='lat' dir='ltr'>frustra</span> <span class='ocrx_word' id='word_1_51' title='bbox 1022 598 1316 647; x_wconf 84' lang='lat' dir='ltr'>contenderet,</span> <span class='ocrx_word' id='word_1_52' title='bbox 1339 598 1432 639; x_wconf 83' lang='lat' dir='ltr'>haec</span> 
     </span>
     <span class='ocr_line' id='line_1_8' title="bbox 183 666 1432 720; baseline 0 -12"><span class='ocrx_word' id='word_1_53' title='bbox 183 681 330 708; x_wconf 91' lang='lat' dir='ltr'>secum</span> <span class='ocrx_word' id='word_1_54' title='bbox 354 667 606 720; x_wconf 83' lang='lat' dir='ltr'>loquentem</span> <span class='ocrx_word' id='word_1_55' title='bbox 627 667 759 706; x_wconf 87' lang='lat' dir='ltr'>verba</span> <span class='ocrx_word' id='word_1_56' title='bbox 781 667 970 706; x_wconf 85' lang='lat' dir='ltr'>audivit:</span> <span class='ocrx_word' id='word_1_57' title='bbox 1004 666 1041 706; x_wconf 83' lang='lat'>&amp;</span> <span class='ocrx_word' id='word_1_58' title='bbox 1062 673 1160 707; x_wconf 87' lang='lat' dir='ltr'>tuas</span> <span class='ocrx_word' id='word_1_59' title='bbox 1185 668 1432 720; x_wconf 79' lang='lat' dir='ltr'>sapientias,</span> 
     </span>
     <span class='ocr_line' id='line_1_9' title="bbox 185 735 1431 789; baseline -0.001 -12"><span class='ocrx_word' id='word_1_60' title='bbox 185 736 223 777; x_wconf 84' lang='lat'>&amp;</span> <span class='ocrx_word' id='word_1_61' title='bbox 244 737 444 789; x_wconf 88' lang='lat' dir='ltr'>teipsum,</span> <span class='ocrx_word' id='word_1_62' title='bbox 467 736 525 775; x_wconf 89' lang='lat' dir='ltr'>mi</span> <span class='ocrx_word' id='word_1_63' title='bbox 548 735 630 776; x_wconf 84' lang='lat' dir='ltr'>fili!</span> <span class='ocrx_word' id='word_1_64' title='bbox 663 749 786 786; x_wconf 87' lang='lat' dir='ltr'>amo;</span> <span class='ocrx_word' id='word_1_65' title='bbox 818 736 928 776; x_wconf 87' lang='lat' dir='ltr'>inter</span> <span class='ocrx_word' id='word_1_66' title='bbox 948 749 1141 776; x_wconf 90' lang='lat' dir='ltr'>amorem</span> <span class='ocrx_word' id='word_1_67' title='bbox 1172 736 1209 776; x_wconf 68' lang='grc' dir='ltr'>ἃ</span> <span class='ocrx_word' id='word_1_68' title='bbox 1238 750 1431 777; x_wconf 88' lang='lat' dir='ltr'>amorem</span> 
     </span>
     <span class='ocr_line' id='line_1_10' title="bbox 183 804 1433 857; baseline 0.002 -13"><span class='ocrx_word' id='word_1_69' title='bbox 183 818 271 844; x_wconf 90' lang='lat' dir='ltr'>non</span> <span class='ocrx_word' id='word_1_70' title='bbox 293 805 492 853; x_wconf 75' lang='lat' dir='ltr'>strictius,</span> <span class='ocrx_word' id='word_1_71' title='bbox 508 818 585 844; x_wconf 89' lang='lat' dir='ltr'>nec</span> <span class='ocrx_word' id='word_1_72' title='bbox 603 804 781 853; x_wconf 80' lang='lat' dir='ltr'>dulcius,</span> <span class='ocrx_word' id='word_1_73' title='bbox 798 805 1023 857; x_wconf 75' lang='lat' dir='ltr'>sapientia,</span> <span class='ocrx_word' id='word_1_74' title='bbox 1042 805 1170 844; x_wconf 88' lang='lat' dir='ltr'>datur</span> <span class='ocrx_word' id='word_1_75' title='bbox 1190 805 1408 845; x_wconf 88' lang='lat' dir='ltr'>vinculum</span> <span class='ocrx_word' id='word_1_76' title='bbox 1425 821 1433 846; x_wconf 75' lang='grc' dir='ltr'>ε</span> 
     </span>
     <span class='ocr_line' id='line_1_11' title="bbox 184 873 1433 926; baseline 0.001 -13"><span class='ocrx_word' id='word_1_77' title='bbox 184 873 358 914; x_wconf 86' lang='lat' dir='ltr'>auribus</span> <span class='ocrx_word' id='word_1_78' title='bbox 376 873 482 912; x_wconf 89' lang='lat' dir='ltr'>meis</span> <span class='ocrx_word' id='word_1_79' title='bbox 500 874 657 925; x_wconf 88' lang='lat' dir='ltr'>accepi,</span> <span class='ocrx_word' id='word_1_80' title='bbox 677 886 778 912; x_wconf 91' lang='lat' dir='ltr'>nam</span> <span class='ocrx_word' id='word_1_81' title='bbox 797 873 1001 925; x_wconf 85' lang='lat' dir='ltr'>quicquid</span> <span class='ocrx_word' id='word_1_82' title='bbox 1018 873 1215 926; x_wconf 86' lang='lat' dir='ltr'>loqueris,</span> <span class='ocrx_word' id='word_1_83' title='bbox 1231 875 1433 924; x_wconf 80' lang='lat' dir='ltr'>exaudio,</span> 
     </span>
     <span class='ocr_line' id='line_1_12' title="bbox 184 941 1434 995; baseline 0.001 -13"><span class='ocrx_word' id='word_1_84' title='bbox 184 955 317 995; x_wconf 91' lang='lat' dir='ltr'>quam</span> <span class='ocrx_word' id='word_1_85' title='bbox 345 942 623 981; x_wconf 89' lang='lat' dir='ltr'>vehementer</span> <span class='ocrx_word' id='word_1_86' title='bbox 656 941 863 993; x_wconf 74' lang='lat' dir='ltr'>sategeris</span> <span class='ocrx_word' id='word_1_87' title='bbox 897 941 1014 990; x_wconf 90' lang='lat' dir='ltr'>scire,</span> <span class='ocrx_word' id='word_1_88' title='bbox 1044 943 1160 982; x_wconf 89' lang='lat' dir='ltr'>unde</span> <span class='ocrx_word' id='word_1_89' title='bbox 1197 942 1434 992; x_wconf 88' lang='lat' dir='ltr'>Bonitates,</span> 
     </span>
     <span class='ocr_line' id='line_1_13' title="bbox 185 1009 1434 1063; baseline 0.001 -13"><span class='ocrx_word' id='word_1_90' title='bbox 185 1024 293 1063; x_wconf 88' lang='lat' dir='ltr'>quas</span> <span class='ocrx_word' id='word_1_91' title='bbox 329 1023 456 1050; x_wconf 89' lang='lat' dir='ltr'>sensu</span> <span class='ocrx_word' id='word_1_92' title='bbox 490 1010 683 1062; x_wconf 85' lang='lat' dir='ltr'>percipis,</span> <span class='ocrx_word' id='word_1_93' title='bbox 715 1010 758 1048; x_wconf 90' lang='lat' dir='ltr'>in</span> <span class='ocrx_word' id='word_1_94' title='bbox 789 1009 1003 1061; x_wconf 79' lang='lat' dir='ltr'>sphaeram</span> <span class='ocrx_word' id='word_1_95' title='bbox 1038 1016 1124 1049; x_wconf 64' lang='lat' dir='ltr'>tuae</span> <span class='ocrx_word' id='word_1_96' title='bbox 1162 1011 1334 1061; x_wconf 86' lang='lat' dir='ltr'>Mentis,</span> <span class='ocrx_word' id='word_1_97' title='bbox 1371 1011 1434 1052; x_wconf 93' lang='lat' dir='ltr'>in-</span> 
     </span>
     <span class='ocr_line' id='line_1_14' title="bbox 186 1079 1433 1132; baseline 0.001 -13"><span class='ocrx_word' id='word_1_98' title='bbox 186 1080 353 1130; x_wconf 89' lang='lat' dir='ltr'>fluunt;</span> <span class='ocrx_word' id='word_1_99' title='bbox 386 1080 429 1119; x_wconf 93' lang='lat' dir='ltr'>id</span> <span class='ocrx_word' id='word_1_100' title='bbox 458 1093 514 1119; x_wconf 81' lang='lat' dir='ltr'>ex</span> <span class='ocrx_word' id='word_1_101' title='bbox 547 1079 650 1120; x_wconf 80' lang='lat' dir='ltr'>Sinu</span> <span class='ocrx_word' id='word_1_102' title='bbox 680 1092 778 1118; x_wconf 92' lang='lat' dir='ltr'>meo</span> <span class='ocrx_word' id='word_1_103' title='bbox 805 1084 849 1118; x_wconf 93' lang='lat' dir='ltr'>te</span> <span class='ocrx_word' id='word_1_104' title='bbox 875 1079 1068 1118; x_wconf 83' lang='lat' dir='ltr'>docebo:</span> <span class='ocrx_word' id='word_1_105' title='bbox 1105 1081 1286 1130; x_wconf 86' lang='lat' dir='ltr'>nostine,</span> <span class='ocrx_word' id='word_1_106' title='bbox 1315 1081 1433 1132; x_wconf 86' lang='lat' dir='ltr'>quod</span> 
     </span>
     <span class='ocr_line' id='line_1_15' title="bbox 186 1147 1435 1197; baseline 0.002 -10"><span class='ocrx_word' id='word_1_107' title='bbox 186 1148 326 1188; x_wconf 91' lang='lat' dir='ltr'>omnis</span> <span class='ocrx_word' id='word_1_108' title='bbox 357 1149 458 1188; x_wconf 57' lang='lat' dir='ltr'>vitae</span> <span class='ocrx_word' id='word_1_109' title='bbox 489 1147 684 1197; x_wconf 80' lang='lat' dir='ltr'>felicitas,</span> <span class='ocrx_word' id='word_1_110' title='bbox 712 1161 769 1187; x_wconf 79' lang='lat' dir='ltr'>ex</span> <span class='ocrx_word' id='word_1_111' title='bbox 801 1161 949 1187; x_wconf 91' lang='lat' dir='ltr'>amore</span> <span class='ocrx_word' id='word_1_112' title='bbox 980 1147 1095 1195; x_wconf 90' lang='lat' dir='ltr'>fluat,</span> <span class='ocrx_word' id='word_1_113' title='bbox 1123 1148 1165 1187; x_wconf 91' lang='lat' dir='ltr'>id</span> <span class='ocrx_word' id='word_1_114' title='bbox 1197 1148 1336 1188; x_wconf 85' lang='lat' dir='ltr'>solum</span> <span class='ocrx_word' id='word_1_115' title='bbox 1368 1154 1435 1189; x_wconf 89' lang='lat' dir='ltr'>est</span> 
     </span>
     <span class='ocr_line' id='line_1_16' title="bbox 186 1215 1433 1269; baseline 0.001 -13"><span class='ocrx_word' id='word_1_116' title='bbox 186 1217 320 1264; x_wconf 84' lang='lat' dir='ltr'>dulce,</span> <span class='ocrx_word' id='word_1_117' title='bbox 336 1216 453 1269; x_wconf 86' lang='lat' dir='ltr'>quod</span> <span class='ocrx_word' id='word_1_118' title='bbox 471 1222 661 1266; x_wconf 54' lang='lat' dir='ltr'>amatum</span> <span class='ocrx_word' id='word_1_119' title='bbox 683 1229 900 1255; x_wconf 83' lang='lat' dir='ltr'>amaenum</span> <span class='ocrx_word' id='word_1_120' title='bbox 915 1215 956 1255; x_wconf 92' lang='lat' dir='ltr'>in</span> <span class='ocrx_word' id='word_1_121' title='bbox 972 1215 1173 1263; x_wconf 86' lang='lat' dir='ltr'>faustum,</span> <span class='ocrx_word' id='word_1_122' title='bbox 1191 1216 1228 1256; x_wconf 66' lang='grc' dir='ltr'>ἃ</span> <span class='ocrx_word' id='word_1_123' title='bbox 1243 1217 1433 1257; x_wconf 86' lang='lat' dir='ltr'>faustum</span> 
     </span>
     <span class='ocr_line' id='line_1_17' title="bbox 186 1284 1432 1336; baseline 0.001 -12"><span class='ocrx_word' id='word_1_124' title='bbox 186 1286 229 1325; x_wconf 92' lang='lat' dir='ltr'>in</span> <span class='ocrx_word' id='word_1_125' title='bbox 256 1285 373 1333; x_wconf 78' lang='lat' dir='ltr'>felix,</span> <span class='ocrx_word' id='word_1_126' title='bbox 395 1285 632 1325; x_wconf 88' lang='lat' dir='ltr'>secundum</span> <span class='ocrx_word' id='word_1_127' title='bbox 661 1284 819 1324; x_wconf 81' lang='lat' dir='ltr'>amoris</span> <span class='ocrx_word' id='word_1_128' title='bbox 848 1284 1031 1336; x_wconf 85' lang='lat' dir='ltr'>gradum</span> <span class='ocrx_word' id='word_1_129' title='bbox 1061 1284 1098 1324; x_wconf 67' lang='grc' dir='ltr'>ἃ</span> <span class='ocrx_word' id='word_1_130' title='bbox 1128 1286 1370 1334; x_wconf 90' lang='lat' dir='ltr'>essentiam,</span> <span class='ocrx_word' id='word_1_131' title='bbox 1394 1285 1432 1326; x_wconf 84' lang='lat'>&amp;</span> 
     </span>
     <span class='ocr_line' id='line_1_18' title="bbox 186 1352 1435 1405; baseline -0.001 -11"><span class='ocrx_word' id='word_1_132' title='bbox 186 1354 336 1394; x_wconf 89' lang='lat' dir='ltr'>crescit</span> <span class='ocrx_word' id='word_1_133' title='bbox 359 1353 395 1393; x_wconf 65' lang='grc' dir='ltr'>ἃ</span> <span class='ocrx_word' id='word_1_134' title='bbox 418 1354 564 1405; x_wconf 82' lang='lat' dir='ltr'>surgit.</span> <span class='ocrx_word' id='word_1_135' title='bbox 609 1353 671 1392; x_wconf 80' lang='lat' dir='ltr'>Mi</span> <span class='ocrx_word' id='word_1_136' title='bbox 695 1352 776 1392; x_wconf 80' lang='lat' dir='ltr'>fili!</span> <span class='ocrx_word' id='word_1_137' title='bbox 809 1366 894 1392; x_wconf 92' lang='lat' dir='ltr'>non</span> <span class='ocrx_word' id='word_1_138' title='bbox 913 1358 978 1392; x_wconf 91' lang='lat' dir='ltr'>est</span> <span class='ocrx_word' id='word_1_139' title='bbox 996 1353 1075 1392; x_wconf 91' lang='lat' dir='ltr'>nisi</span> <span class='ocrx_word' id='word_1_140' title='bbox 1095 1353 1260 1393; x_wconf 87' lang='lat' dir='ltr'>Unicus</span> <span class='ocrx_word' id='word_1_141' title='bbox 1282 1353 1435 1403; x_wconf 86' lang='lat' dir='ltr'>Amor,</span> 
     </span>
     <span class='ocr_line' id='line_1_19' title="bbox 186 1420 1434 1473; baseline 0 -11"><span class='ocrx_word' id='word_1_142' title='bbox 186 1436 243 1462; x_wconf 80' lang='lat' dir='ltr'>ex</span> <span class='ocrx_word' id='word_1_143' title='bbox 287 1422 428 1462; x_wconf 87' lang='lat' dir='ltr'>Unico</span> <span class='ocrx_word' id='word_1_144' title='bbox 470 1422 665 1461; x_wconf 86' lang='lat' dir='ltr'>omnium</span> <span class='ocrx_word' id='word_1_145' title='bbox 708 1421 852 1460; x_wconf 89' lang='lat' dir='ltr'>Primo</span> <span class='ocrx_word' id='word_1_146' title='bbox 893 1420 930 1460; x_wconf 71' lang='lat' dir='ltr'>Sc</span> <span class='ocrx_word' id='word_1_147' title='bbox 974 1421 1199 1473; x_wconf 85' lang='lat' dir='ltr'>Supremo,</span> <span class='ocrx_word' id='word_1_148' title='bbox 1236 1428 1354 1462; x_wconf 87' lang='lat' dir='ltr'>ortus</span> <span class='ocrx_word' id='word_1_149' title='bbox 1395 1422 1434 1462; x_wconf 87' lang='lat'>&amp;</span> 
     </span>
     <span class='ocr_line' id='line_1_20' title="bbox 187 1489 1435 1542; baseline 0 -12"><span class='ocrx_word' id='word_1_150' title='bbox 187 1491 393 1539; x_wconf 79' lang='lat' dir='ltr'>existens,</span> <span class='ocrx_word' id='word_1_151' title='bbox 425 1490 540 1530; x_wconf 89' lang='lat' dir='ltr'>unde</span> <span class='ocrx_word' id='word_1_152' title='bbox 571 1503 722 1529; x_wconf 88' lang='lat' dir='ltr'>omnes</span> <span class='ocrx_word' id='word_1_153' title='bbox 754 1489 993 1538; x_wconf 82' lang='lat' dir='ltr'>felicitates,</span> <span class='ocrx_word' id='word_1_154' title='bbox 1026 1503 1083 1529; x_wconf 85' lang='lat' dir='ltr'>ex</span> <span class='ocrx_word' id='word_1_155' title='bbox 1119 1490 1275 1542; x_wconf 84' lang='lat' dir='ltr'>quibus</span> <span class='ocrx_word' id='word_1_156' title='bbox 1312 1491 1435 1530; x_wconf 90' lang='lat' dir='ltr'>boni-</span> 
     </span>
     <span class='ocr_line' id='line_1_21' title="bbox 186 1558 1434 1617; baseline -0.001 -17"><span class='ocrx_word' id='word_1_157' title='bbox 186 1566 311 1608; x_wconf 88' lang='lat' dir='ltr'>tates,</span> <span class='ocrx_word' id='word_1_158' title='bbox 339 1573 435 1611; x_wconf 80' lang='lat' dir='ltr'>quae</span> <span class='ocrx_word' id='word_1_159' title='bbox 463 1572 588 1598; x_wconf 87' lang='lat' dir='ltr'>sensu</span> <span class='ocrx_word' id='word_1_160' title='bbox 619 1559 923 1610; x_wconf 86' lang='lat' dir='ltr'>percipiuntur,</span> <span class='ocrx_word' id='word_1_161' title='bbox 954 1558 1024 1597; x_wconf 89' lang='lat' dir='ltr'>ubi</span> <span class='ocrx_word' id='word_1_162' title='bbox 1057 1558 1243 1598; x_wconf 89' lang='lat' dir='ltr'>radicem</span> <span class='ocrx_word' id='word_1_163' title='bbox 1273 1559 1434 1617; x_wconf 85' lang='lat' dir='ltr'>figunt:</span> 
     </span>
     <span class='ocr_line' id='line_1_22' title="bbox 186 1626 1433 1679; baseline 0 -12"><span class='ocrx_word' id='word_1_164' title='bbox 186 1628 296 1667; x_wconf 88' lang='lat' dir='ltr'>senti</span> <span class='ocrx_word' id='word_1_165' title='bbox 315 1627 406 1679; x_wconf 87' lang='lat' dir='ltr'>jam</span> <span class='ocrx_word' id='word_1_166' title='bbox 430 1641 485 1666; x_wconf 82' lang='lat' dir='ltr'>ex</span> <span class='ocrx_word' id='word_1_167' title='bbox 508 1627 640 1678; x_wconf 88' lang='lat' dir='ltr'>ipsius</span> <span class='ocrx_word' id='word_1_168' title='bbox 663 1626 840 1666; x_wconf 82' lang='lat' dir='ltr'>Amoris</span> <span class='ocrx_word' id='word_1_169' title='bbox 862 1626 1082 1678; x_wconf 80' lang='lat' dir='ltr'>amplexu,</span> <span class='ocrx_word' id='word_1_170' title='bbox 1105 1626 1209 1678; x_wconf 89' lang='lat' dir='ltr'>quid</span> <span class='ocrx_word' id='word_1_171' title='bbox 1231 1626 1433 1677; x_wconf 84' lang='lat' dir='ltr'>felicitas;</span> 
     </span>
     <span class='ocr_line' id='line_1_23' title="bbox 188 1693 1434 1748; baseline -0.001 -12"><span class='ocrx_word' id='word_1_172' title='bbox 188 1696 226 1736; x_wconf 65' lang='grc' dir='ltr'>ἃ</span> <span class='ocrx_word' id='word_1_173' title='bbox 250 1696 363 1735; x_wconf 87' lang='lat' dir='ltr'>unde</span> <span class='ocrx_word' id='word_1_174' title='bbox 386 1696 578 1745; x_wconf 87' lang='lat' dir='ltr'>bonitas;</span> <span class='ocrx_word' id='word_1_175' title='bbox 609 1694 695 1734; x_wconf 88' lang='lat' dir='ltr'>noli</span> <span class='ocrx_word' id='word_1_176' title='bbox 719 1693 904 1746; x_wconf 87' lang='lat' dir='ltr'>amplius</span> <span class='ocrx_word' id='word_1_177' title='bbox 922 1694 1133 1746; x_wconf 81' lang='lat' dir='ltr'>inquirere</span> <span class='ocrx_word' id='word_1_178' title='bbox 1155 1694 1434 1748; x_wconf 88' lang='lat' dir='ltr'>fontem,jam</span> 
     </span>
     <span class='ocr_line' id='line_1_24' title="bbox 185 1762 1434 1817; baseline 0.001 -14"><span class='ocrx_word' id='word_1_179' title='bbox 185 1764 229 1804; x_wconf 92' lang='lat' dir='ltr'>in</span> <span class='ocrx_word' id='word_1_180' title='bbox 266 1764 479 1817; x_wconf 68' lang='lat' dir='ltr'>ipsissima</span> <span class='ocrx_word' id='word_1_181' title='bbox 514 1763 605 1816; x_wconf 90' lang='lat' dir='ltr'>ejus</span> <span class='ocrx_word' id='word_1_182' title='bbox 641 1764 751 1802; x_wconf 69' lang='lat' dir='ltr'>vena</span> <span class='ocrx_word' id='word_1_183' title='bbox 786 1763 936 1812; x_wconf 83' lang='lat' dir='ltr'>sedes3</span> <span class='ocrx_word' id='word_1_184' title='bbox 976 1763 1148 1814; x_wconf 88' lang='lat' dir='ltr'>percipe</span> <span class='ocrx_word' id='word_1_185' title='bbox 1179 1762 1282 1815; x_wconf 88' lang='lat' dir='ltr'>jam,</span> <span class='ocrx_word' id='word_1_186' title='bbox 1317 1764 1434 1816; x_wconf 87' lang='lat' dir='ltr'>quod</span> 
     </span>
     <span class='ocr_line' id='line_1_25' title="bbox 188 1830 1434 1885; baseline 0 -13"><span class='ocrx_word' id='word_1_187' title='bbox 188 1846 318 1881; x_wconf 87' lang='lat' dir='ltr'>amor,</span> <span class='ocrx_word' id='word_1_188' title='bbox 342 1846 428 1885; x_wconf 84' lang='lat' dir='ltr'>quo</span> <span class='ocrx_word' id='word_1_189' title='bbox 450 1845 519 1871; x_wconf 90' lang='lat' dir='ltr'>me</span> <span class='ocrx_word' id='word_1_190' title='bbox 541 1831 827 1883; x_wconf 86' lang='lat' dir='ltr'>amplecteris,</span> <span class='ocrx_word' id='word_1_191' title='bbox 850 1830 904 1870; x_wconf 90' lang='lat' dir='ltr'>de</span> <span class='ocrx_word' id='word_1_192' title='bbox 926 1844 1023 1870; x_wconf 90' lang='lat' dir='ltr'>meo</span> <span class='ocrx_word' id='word_1_193' title='bbox 1053 1831 1134 1880; x_wconf 83' lang='lat' dir='ltr'>sit3</span> <span class='ocrx_word' id='word_1_194' title='bbox 1166 1830 1288 1880; x_wconf 85' lang='lat' dir='ltr'>facio,</span> <span class='ocrx_word' id='word_1_195' title='bbox 1313 1837 1359 1871; x_wconf 87' lang='lat' dir='ltr'>ut</span> <span class='ocrx_word' id='word_1_196' title='bbox 1387 1838 1434 1872; x_wconf 88' lang='lat' dir='ltr'>tu</span> 
     </span>
     <span class='ocr_line' id='line_1_26' title="bbox 187 1899 1436 1952; baseline -0.001 -11"><span class='ocrx_word' id='word_1_197' title='bbox 187 1915 286 1941; x_wconf 91' lang='lat' dir='ltr'>eum</span> <span class='ocrx_word' id='word_1_198' title='bbox 318 1902 359 1941; x_wconf 94' lang='lat' dir='ltr'>in</span> <span class='ocrx_word' id='word_1_199' title='bbox 389 1908 432 1941; x_wconf 91' lang='lat' dir='ltr'>te</span> <span class='ocrx_word' id='word_1_200' title='bbox 462 1901 633 1949; x_wconf 88' lang='lat' dir='ltr'>sentias,</span> <span class='ocrx_word' id='word_1_201' title='bbox 658 1899 695 1939; x_wconf 63' lang='grc' dir='ltr'>ἃ</span> <span class='ocrx_word' id='word_1_202' title='bbox 727 1913 783 1938; x_wconf 85' lang='lat' dir='ltr'>ex</span> <span class='ocrx_word' id='word_1_203' title='bbox 814 1912 910 1938; x_wconf 91' lang='lat' dir='ltr'>meo</span> <span class='ocrx_word' id='word_1_204' title='bbox 940 1912 1039 1938; x_wconf 88' lang='lat' dir='ltr'>eum</span> <span class='ocrx_word' id='word_1_205' title='bbox 1071 1899 1294 1952; x_wconf 89' lang='lat' dir='ltr'>percipias,</span> <span class='ocrx_word' id='word_1_206' title='bbox 1317 1899 1353 1940; x_wconf 83' lang='lat'>&amp;</span> <span class='ocrx_word' id='word_1_207' title='bbox 1376 1902 1436 1940; x_wconf 92' lang='lat' dir='ltr'>sic</span> 
     </span>
     <span class='ocr_line' id='line_1_27' title="bbox 188 1967 1435 2020; baseline -0.002 -8"><span class='ocrx_word' id='word_1_208' title='bbox 188 1985 245 2012; x_wconf 79' lang='lat' dir='ltr'>ex</span> <span class='ocrx_word' id='word_1_209' title='bbox 286 1977 362 2011; x_wconf 88' lang='lat' dir='ltr'>tuo</span> <span class='ocrx_word' id='word_1_210' title='bbox 403 1982 578 2018; x_wconf 89' lang='lat' dir='ltr'>meum;</span> <span class='ocrx_word' id='word_1_211' title='bbox 627 1967 817 2020; x_wconf 88' lang='lat' dir='ltr'>proinde,</span> <span class='ocrx_word' id='word_1_212' title='bbox 854 1973 900 2006; x_wconf 87' lang='lat' dir='ltr'>ut</span> <span class='ocrx_word' id='word_1_213' title='bbox 940 1968 1088 2007; x_wconf 89' lang='lat' dir='ltr'>videas</span> <span class='ocrx_word' id='word_1_214' title='bbox 1131 1968 1359 2008; x_wconf 90' lang='lat' dir='ltr'>Parentem</span> <span class='ocrx_word' id='word_1_215' title='bbox 1397 1969 1435 2009; x_wconf 65' lang='grc' dir='ltr'>δε</span> 
     </span>
     <span class='ocr_line' id='line_1_28' title="bbox 189 2035 1435 2090; baseline -0.002 -10"><span class='ocrx_word' id='word_1_216' title='bbox 189 2041 339 2081; x_wconf 89' lang='lat' dir='ltr'>Meum</span> <span class='ocrx_word' id='word_1_217' title='bbox 361 2038 399 2078; x_wconf 63' lang='grc' dir='ltr'>ἃ</span> <span class='ocrx_word' id='word_1_218' title='bbox 421 2038 592 2090; x_wconf 76' lang='lat' dir='ltr'>Tuum3</span> <span class='ocrx_word' id='word_1_219' title='bbox 625 2049 702 2089; x_wconf 89' lang='lat' dir='ltr'>per</span> <span class='ocrx_word' id='word_1_220' title='bbox 724 2036 798 2075; x_wconf 83' lang='lat' dir='ltr'>Me</span> <span class='ocrx_word' id='word_1_221' title='bbox 826 2049 871 2075; x_wconf 85' lang='lat' dir='ltr'>es</span> <span class='ocrx_word' id='word_1_222' title='bbox 899 2035 1005 2087; x_wconf 87' lang='lat' dir='ltr'>Ejus</span> <span class='ocrx_word' id='word_1_223' title='bbox 1034 2036 1168 2075; x_wconf 90' lang='lat' dir='ltr'>instar</span> <span class='ocrx_word' id='word_1_224' title='bbox 1196 2036 1234 2076; x_wconf 64' lang='grc' dir='ltr'>ἃ</span> <span class='ocrx_word' id='word_1_225' title='bbox 1264 2037 1435 2090; x_wconf 81' lang='lat' dir='ltr'>imago:</span> 
     </span>
     <span class='ocr_line' id='line_1_29' title="bbox 190 2103 1434 2160; baseline -0.002 -12"><span class='ocrx_word' id='word_1_226' title='bbox 190 2108 228 2148; x_wconf 69' lang='grc' dir='ltr'>ἃ</span> <span class='ocrx_word' id='word_1_227' title='bbox 251 2107 352 2160; x_wconf 87' lang='lat' dir='ltr'>quia</span> <span class='ocrx_word' id='word_1_228' title='bbox 374 2106 433 2146; x_wconf 89' lang='lat' dir='ltr'>sic</span> <span class='ocrx_word' id='word_1_229' title='bbox 462 2106 592 2145; x_wconf 89' lang='lat' dir='ltr'>ambo</span> <span class='ocrx_word' id='word_1_230' title='bbox 621 2118 769 2144; x_wconf 88' lang='lat' dir='ltr'>sumus</span> <span class='ocrx_word' id='word_1_231' title='bbox 798 2117 855 2143; x_wconf 82' lang='lat' dir='ltr'>ex</span> <span class='ocrx_word' id='word_1_232' title='bbox 884 2103 1065 2153; x_wconf 90' lang='lat' dir='ltr'>Eodem,</span> <span class='ocrx_word' id='word_1_233' title='bbox 1088 2118 1210 2144; x_wconf 87' lang='lat' dir='ltr'>meus</span> <span class='ocrx_word' id='word_1_234' title='bbox 1238 2105 1319 2144; x_wconf 91' lang='lat' dir='ltr'>eris</span> <span class='ocrx_word' id='word_1_235' title='bbox 1348 2119 1434 2145; x_wconf 92' lang='lat' dir='ltr'>non</span> 
     </span>
     <span class='ocr_line' id='line_1_30' title="bbox 188 2171 1435 2225; baseline -0.001 -10"><span class='ocrx_word' id='word_1_236' title='bbox 188 2176 299 2216; x_wconf 87' lang='lat' dir='ltr'>filius</span> <span class='ocrx_word' id='word_1_237' title='bbox 338 2174 413 2214; x_wconf 88' lang='lat' dir='ltr'>sed</span> <span class='ocrx_word' id='word_1_238' title='bbox 454 2174 608 2221; x_wconf 70' lang='lat' dir='ltr'>frater,</span> <span class='ocrx_word' id='word_1_239' title='bbox 653 2171 844 2224; x_wconf 87' lang='lat' dir='ltr'>adimple</span> <span class='ocrx_word' id='word_1_240' title='bbox 875 2171 967 2224; x_wconf 86' lang='lat' dir='ltr'>jam</span> <span class='ocrx_word' id='word_1_241' title='bbox 1004 2171 1041 2211; x_wconf 68' lang='grc' dir='ltr'>δι’</span> <span class='ocrx_word' id='word_1_242' title='bbox 1079 2186 1208 2225; x_wconf 85' lang='lat' dir='ltr'>pasce</span> <span class='ocrx_word' id='word_1_243' title='bbox 1244 2179 1435 2214; x_wconf 87' lang='lat' dir='ltr'>mentem</span> 
     </span>
     <span class='ocr_line' id='line_1_31' title="bbox 187 2239 1434 2293; baseline -0.003 -8"><span class='ocrx_word' id='word_1_244' title='bbox 187 2251 308 2285; x_wconf 87' lang='lat' dir='ltr'>tuam</span> <span class='ocrx_word' id='word_1_245' title='bbox 337 2242 616 2289; x_wconf 88' lang='lat' dir='ltr'>bonitatibus,</span> <span class='ocrx_word' id='word_1_246' title='bbox 641 2254 738 2293; x_wconf 81' lang='lat' dir='ltr'>quae</span> <span class='ocrx_word' id='word_1_247' title='bbox 769 2240 870 2280; x_wconf 90' lang='lat' dir='ltr'>inde</span> <span class='ocrx_word' id='word_1_248' title='bbox 902 2239 1050 2281; x_wconf 86' lang='lat' dir='ltr'>fluunt.</span> <span class='ocrx_word' id='word_1_249' title='bbox 1113 2241 1200 2282; x_wconf 85' lang='lat' dir='ltr'>Sed</span> <span class='ocrx_word' id='word_1_250' title='bbox 1230 2255 1345 2290; x_wconf 89' lang='lat' dir='ltr'>cave,</span> <span class='ocrx_word' id='word_1_251' title='bbox 1377 2242 1434 2281; x_wconf 90' lang='lat' dir='ltr'>mi</span> 
     </span>
     <span class='ocr_line' id='line_1_32' title="bbox 187 2309 1435 2363; baseline -0.002 -11"><span class='ocrx_word' id='word_1_252' title='bbox 187 2309 433 2352; x_wconf 81' lang='lat' dir='ltr'>fraterculel</span> <span class='ocrx_word' id='word_1_253' title='bbox 466 2324 519 2350; x_wconf 86' lang='lat' dir='ltr'>ne</span> <span class='ocrx_word' id='word_1_254' title='bbox 541 2309 645 2363; x_wconf 86' lang='lat' dir='ltr'>quid</span> <span class='ocrx_word' id='word_1_255' title='bbox 668 2323 724 2349; x_wconf 83' lang='lat' dir='ltr'>ex</span> <span class='ocrx_word' id='word_1_256' title='bbox 746 2310 807 2349; x_wconf 87' lang='lat' dir='ltr'>tui</span> <span class='ocrx_word' id='word_1_257' title='bbox 830 2310 988 2349; x_wconf 89' lang='lat' dir='ltr'>amoris</span> <span class='ocrx_word' id='word_1_258' title='bbox 1010 2309 1218 2350; x_wconf 87' lang='lat' dir='ltr'>fonticulo</span> <span class='ocrx_word' id='word_1_259' title='bbox 1240 2309 1435 2361; x_wconf 74' lang='lat' dir='ltr'>haurias,</span> 
     </span>
    </p>
   </div>
  </div>
 </body>
</html>
