1783 2760
456 177 533 211 DE
573 177 788 212 VJVARJO
822 177 1097 212 PARADJSJ.
1363 186 1404 221 35

151 276 227 316 bat
237 276 301 329 (s),
318 281 364 315 ut
382 276 491 316 sicut
514 289 598 315 una
621 289 750 316 causa
771 276 826 316 ab
849 275 985 315 altera
1003 276 1044 315 in
1062 275 1256 323 alteram,
1272 276 1405 315 etiam

151 358 253 385 usus
269 345 324 385 ab
346 358 433 385 uno
456 346 498 385 in
521 345 718 395 alterum,
733 359 789 385 ex
811 345 906 397 lege
928 351 1155 385 constante
1175 344 1211 384 ἃ
1231 346 1404 392 aeterna,

152 413 313 454 flueret.

209 491 274 534 27.
307 482 478 523 Ultimo
511 483 552 522 in
585 481 663 522 has
693 482 840 535 copias
872 482 932 523 ita
962 481 1266 535 amplificataS,
1296 480 1406 521 Ani-

151 552 318 591 mantia
339 551 634 604 quadrupeda,
660 550 905 590 Belluarum
929 564 1093 603 greges,
1117 550 1154 590 &
1178 550 1405 599 Armenta,

151 619 400 668 introibant,
428 619 504 659 sed
537 633 623 659 non
656 620 786 672 prius,
815 632 947 671 quam
976 619 1157 659 humilia
1186 618 1407 658 Arboreta

151 701 252 728 suos
273 687 426 728 vitales
445 688 585 737 nixus,
600 701 674 727 seu
693 687 914 736 Volucres,
934 688 1160 736 ediderint,
1175 701 1228 727 ne
1245 687 1408 728 scilicet

150 757 409 809 posteriores
432 756 499 796 hae
521 756 771 809 gradientes
792 756 909 796 Vitae
930 756 1082 808 prioris
1108 756 1407 809 vegetationes

151 824 446 877 depascerent,
479 824 650 877 ungulis
682 824 995 877 proculcarent,
1029 824 1066 865 ἃ
1098 825 1310 865 victuram
1343 838 1408 864 se-

152 898 343 933 mentem
395 893 774 946 depopularentur.
853 893 964 933 Haec
1008 893 1163 933 ultima
1215 893 1408 933 Paradisi

150 962 324 1014 propria
346 961 695 1002 Auctoramenta
716 961 913 1001 similiter
933 975 990 1001 ex
1007 961 1225 1015 Viviparis
1249 961 1406 1014 Sylvis,

151 1030 227 1069 sed
248 1044 347 1082 quae
369 1031 633 1083 superiorem
663 1031 706 1069 in
734 1044 780 1069 se
810 1036 1010 1070 naturam
1039 1030 1210 1080 ferrent,
1234 1044 1407 1071 enasce-

151 1098 334 1140 bantur:
378 1099 445 1139 hae
481 1112 537 1138 ex
571 1098 695 1152 parili
731 1098 1024 1138 fetificationis
1058 1099 1188 1152 genio
1229 1099 1408 1139 demum

150 1167 328 1207 intimos
350 1168 600 1207 reserabant
622 1169 751 1216 sinus,
775 1166 812 1207 δε
843 1167 1062 1207 mollicula
1090 1181 1113 1207 e
1144 1167 1274 1207 ramis
1304 1181 1408 1220 pen-

152 1236 301 1276 dentia
324 1235 451 1276 ovula
478 1236 676 1275 seminali
704 1249 833 1275 succo
861 1235 1221 1288 impraegnabant,
1246 1249 1343 1288 quae
1365 1236 1408 1275 in

153 1317 313 1357 pansos
335 1304 524 1344 deducta
542 1310 697 1352 uteros,
715 1310 847 1356 atque
864 1303 992 1343 simul
1010 1303 1186 1344 floribus
1205 1304 1242 1344 81
1265 1304 1410 1344 herbis

153 1373 396 1421 commissa,
421 1386 467 1412 se
489 1373 582 1425 ipsa
604 1373 770 1421 tunicis,
793 1373 941 1412 amnio
971 1372 1008 1412 ἃ
1037 1371 1196 1421 chorio,
1220 1372 1409 1412 involve-

152 1441 271 1490 bant,
292 1440 590 1493 placentisque
613 1440 725 1480 fores
752 1440 1058 1493 obsignabant,
1080 1440 1117 1480 δε
1141 1441 1409 1493 vegetabiles

151 1509 286 1550 lactes
327 1509 370 1549 in
412 1509 462 1548 iis
499 1509 747 1561 castigatos,
781 1522 858 1561 per
892 1509 1059 1549 tortiles
1094 1509 1318 1556 funiculos,
1354 1509 1408 1549 ad

156 1577 309 1630 Hepar
344 1584 468 1617 suctu
506 1577 806 1626 traducebant,
843 1577 915 1617 ubi
951 1578 1081 1617 iidem
1115 1578 1170 1617 ad
1205 1578 1409 1621 ultimum

153 1644 303 1685 florem
325 1645 566 1698 depurgati,
586 1645 624 1686 ἃ
646 1646 757 1685 sicut
779 1645 944 1698 chylus,
964 1646 1163 1698 sanguini
1187 1647 1408 1698 connupti,

155 1714 346 1755 Cordi&
371 1714 568 1756 Cerebris
590 1714 645 1753 ad
676 1727 800 1754 usum
830 1715 1062 1754 crescentis
1092 1714 1295 1766 Corporis
1325 1715 1410 1754 dis-

152 1783 370 1823 tribuendi
403 1781 776 1835 dispensandique
805 1782 1119 1832 tradebantur;
1152 1796 1230 1823 nec
1259 1783 1410 1823 sedula

199 1891 242 1936 (s)
265 1891 499 1926 Providentia
515 1891 732 1925 universalis
746 1891 860 1934 audit,
871 1892 957 1936 quia
972 1898 1028 1925 est
1043 1892 1078 1925 in
1093 1892 1408 1936 singularissimis;

153 1957 175 1980 a
192 1946 388 1991 praesentia
411 1946 442 1979 δε
466 1946 630 1990 potentia
648 1946 684 1979 in
709 1946 861 1990 singulis
885 1947 1129 1990 cognoscitur,
1150 1948 1270 1981 existit
1294 1948 1325 1981 δε
1349 1948 1409 1982 de-

153 2002 362 2036 nominatur
390 2012 499 2035 omne
527 2001 755 2043 Universale„
783 2001 876 2035 sicut
900 2013 922 2035 a
948 2002 1022 2036 suis
1049 2002 1215 2047 partibus
1241 2009 1303 2036 aut
1329 2015 1410 2047 par-

153 2056 366 2091 ticularibus
401 2057 617 2090 Commune.
670 2055 889 2089 Universale
918 2062 974 2090 est
1004 2057 1214 2101 complexus
1246 2058 1411 2091 omnium

154 2111 404 2155 singularium,
435 2111 528 2144 sicut
564 2111 770 2144 Commune
799 2110 964 2143 omnium
998 2112 1298 2155 particularium;
1340 2112 1410 2145 nisi

153 2166 243 2200 illud
261 2166 308 2200 sit
330 2166 366 2200 in
391 2165 544 2209 singulis
568 2165 600 2199 &
624 2176 706 2198 cum
733 2165 895 2208 singulis,
915 2176 979 2198 seu
1004 2166 1041 2198 in
1068 2166 1229 2200 minimis
1255 2167 1347 2201 sicut
1374 2167 1410 2200 in

153 2221 335 2264 maximis,
348 2232 421 2254 non
436 2227 491 2255 est
507 2220 747 2262 Universale3
767 2231 879 2264 quare
894 2220 923 2254 si
941 2221 1185 2255 Providentiae
1203 2223 1410 2256 Universali

156 2276 429 2310 Providentiam
458 2276 496 2309 in
526 2275 826 2319 singularissimis
854 2275 1113 2319 subtrahimus,
1139 2283 1201 2310 aut
1226 2288 1338 2309 unam
1363 2277 1411 2310 ab

155 2330 269 2366 altera
282 2342 506 2377 separamu5‚
519 2331 638 2376 ipsam
654 2330 951 2366 Universalitatis
966 2331 1165 2366 essentiam
1178 2332 1410 2366 destruimus.
