1783 2760
396 171 475 205 DE
505 171 779 205 INFANTJA
816 172 1200 208 PRJMOGENJTI.
1383 182 1426 216 77

171 268 382 309 Membris
400 269 544 317 etiam,
559 282 635 321 per
651 268 804 308 molles
828 268 865 308 81
888 269 1016 309 simul
1039 270 1170 310 duras
1192 271 1426 324 compedes

169 337 385 391 obligatis,
414 338 603 390 speciem
635 337 876 386 Societatis,
906 337 1072 385 induxi,
1101 344 1149 378 ut
1181 338 1347 384 nullum
1379 354 1425 380 se

169 419 258 459 prae
281 406 376 455 alio,
393 405 472 445 nisi
495 405 586 457 ejus
604 404 641 445 &
659 405 854 445 omnium
872 406 1023 458 gratia,
1041 405 1178 456 colat;
1210 407 1271 446 ita
1293 409 1424 448 etiam

169 474 231 521 iis,
255 488 311 514 ex
335 487 443 521 meo,
467 487 660 514 amorem
684 474 899 526 inspiravi.
945 474 1163 528 Suscipite
1180 475 1273 528 jam
1294 476 1424 528 hujus

170 542 311 595 Regni
333 542 448 592 lora;
479 548 597 582 stant
617 542 763 581 omnia
786 542 866 582 sub
887 542 1098 595 obsequio
1114 550 1257 586 vestro
1276 558 1286 595 ;
1319 546 1423 586 mihi

167 611 301 650 modo
337 616 601 650 reservatum
632 611 699 659 sit,
736 610 951 650 Naturam
986 610 1078 663 ejus
1111 625 1284 665 regere:
1321 627 1421 654 nam

167 693 237 719 me
269 693 355 719 non
387 678 502 727 latet,
535 679 653 731 quod
684 686 839 718 vestrae
870 679 1122 719 Voluntatis
1153 688 1288 727 actus,
1321 696 1423 722 con-

165 748 288 787 tinuo
338 747 393 787 ad
443 748 732 786 mutationem
783 753 922 787 status
963 749 1169 789 naturalis
1210 751 1421 801 tendant;

166 816 431 868 quandoque
454 816 597 865 etiam,
622 816 655 855 si
679 822 847 855 mentes
869 823 1034 857 vestras
1063 818 1192 858 ardor
1217 820 1422 869 incendit,

165 884 221 923 ad
236 885 352 936 ipsos
367 885 539 924 ordines
553 885 813 934 turbandos;
835 885 994 925 idcirco
1006 885 1168 939 jugiter
1183 887 1420 938 intendam,

164 954 417 1009 cumprimis
449 959 644 1005 ternpore
677 953 826 1001 noctis,
854 954 1030 1006 quando
1062 968 1185 995 curas
1216 958 1345 997 vestri
1378 959 1420 998 in

165 1035 309 1061 meum
325 1022 539 1074 gremium
558 1022 742 1074 rejicitis,
760 1028 806 1061 ut
824 1023 1028 1074 quicquid
1047 1037 1071 1063 a
1087 1025 1210 1064 vobis
1232 1026 1419 1066 interdiu

165 1090 476 1129 labefactatum
499 1091 565 1138 sit,
588 1090 641 1129 ad
664 1090 822 1142 vigiliae
851 1098 1004 1130 vestrae
1036 1106 1148 1132 nova
1176 1096 1419 1144 conamina,

163 1158 354 1198 reficiam
373 1170 381 1206 ;
424 1159 484 1198 ita
524 1158 677 1198 vestris
720 1159 1050 1199 necessitatibus
1088 1159 1125 1200 &
1163 1164 1417 1211 commodis,

164 1227 268 1267 dum
286 1228 389 1280 ipsae
404 1227 681 1279 requiescitis,
697 1228 888 1267 studiose
907 1227 944 1267 St
962 1229 1128 1268 naviter
1143 1229 1419 1282 invigilatura

163 1309 270 1336 sum.
334 1295 413 1343 En,
437 1309 534 1348 quae
555 1295 677 1335 vobis
702 1296 868 1343 addico,
894 1296 1140 1336 universum
1163 1297 1289 1349 hujus
1314 1299 1419 1340 Cor-

162 1365 277 1417 poris
300 1363 544 1413 Ambitum,
567 1378 665 1404 cum
695 1365 782 1404 suis
813 1364 1031 1413 Musculis,
1057 1366 1193 1414 Toris,
1219 1367 1256 1407 δε
1283 1367 1419 1409 Artu-

162 1434 254 1482 bus,
277 1447 377 1473 nam
400 1433 472 1473 ille
493 1447 518 1473 a
541 1433 856 1473 muscularibus
883 1433 1000 1473 fibris
1022 1435 1297 1476 circumcirca
1321 1437 1419 1477 lori-

161 1509 284 1542 catus
318 1508 409 1552 est;
445 1501 572 1541 simul
605 1502 737 1541 etiam
774 1501 978 1542 Sensoria
1011 1502 1203 1555 Organa,
1239 1518 1336 1556 quae
1370 1512 1418 1545 ut

161 1571 363 1623 praesidia
385 1571 702 1622 circumposita,
725 1571 936 1610 excubias
963 1578 1111 1623 agunt.
1175 1572 1287 1625 Quae
1316 1588 1417 1620 vsero

161 1639 274 1679 intra
293 1638 420 1691 hujus
443 1638 632 1678 ambitus
654 1645 778 1691 septa
796 1645 907 1687 sunt,
932 1653 1007 1678 seu
1031 1640 1234 1681 interiora
1255 1644 1417 1691 omnia,

160 1720 258 1747 cum
308 1708 394 1747 suis
444 1707 701 1756 Visceribus,
743 1721 841 1746 meo
887 1707 1032 1747 studio
1074 1709 1283 1750 mandata
1323 1725 1417 1751 esse

159 1775 289 1815 velim
304 1776 360 1827 (l)
379 1789 388 1825 ;
421 1776 519 1815 novi
542 1776 668 1824 enim,
686 1776 803 1828 quod
826 1789 913 1824 vos,
932 1782 1085 1816 vestrae
1109 1778 1266 1818 mentis
1288 1779 1417 1819 intui-

160 1891 254 1925 sicut
284 1890 496 1935 paradoxon
526 1896 658 1934 potest,
685 1890 749 1924 sed
778 1890 811 1924 ei
842 1890 972 1933 solurn,
1001 1891 1063 1935 qui
1090 1891 1415 1928 determinationes

159 1946 420 1988 essentialium,
434 1946 531 1979 unde
545 1945 673 1979 formae
687 1946 903 1989 superiores,
917 1945 1079 1988 ignorat:
1104 1957 1231 1980 verum
1248 1948 1347 1992 quod
1366 1949 1417 1983 ita

159 2002 218 2044 sit,
235 2012 278 2035 ex
297 2000 448 2044 singulis
467 2001 627 2034 lustratis
647 2007 815 2034 constare
833 2007 963 2044 potest.

209 2056 255 2099 (l)
285 2057 423 2090 Omnes
452 2056 620 2098 Musculi,
640 2055 700 2099 qui
727 2066 749 2088 a
767 2055 966 2089 voluntate
991 2056 1118 2090 nostra
1143 2057 1359 2101 excitantur,
1377 2059 1415 2092 in

159 2112 299 2146 ambitu
328 2111 360 2145 δι
394 2111 532 2145 truncis
564 2111 737 2154 Corporis
768 2110 828 2144 siti
858 2118 954 2153 sunt,
984 2110 1077 2145 sicut
1110 2112 1269 2146 Musculi
1297 2113 1414 2157 faciei,

158 2167 329 2211 pectoris,
347 2166 568 2209 abdominis,
587 2166 806 2207 lumborum,
824 2165 1069 2208 brachiorum,
1087 2165 1162 2200 &m
1187 2178 1231 2201 ex
1253 2168 1310 2201 his
1333 2180 1415 2212 pro-

159 2221 280 2254 ductae
297 2221 459 2255 actiones
478 2221 561 2254 ideo
580 2221 751 2254 dicuntur
764 2220 991 2254 Voluntariae
1007 2233 1015 2262 ;
1042 2221 1131 2254 nulli
1146 2232 1233 2256 vero
1255 2222 1414 2257 Musculi

159 2276 255 2310 intra
271 2276 368 2310 hunc
386 2276 565 2310 ambitum
584 2275 774 2309 Voluntati
796 2275 949 2319 subjecti
973 2282 1079 2316 sunt;
1106 2287 1233 2310 verum
1257 2278 1415 2322 Animae,

159 2342 242 2375 quae
260 2338 428 2366 naturam
447 2331 612 2366 omniurn
630 2331 811 2365 viscerum
825 2331 927 2375 regit,
941 2330 1034 2365 sieut
1049 2331 1086 2364 in
1101 2331 1281 2375 Thorace,
1294 2332 1414 2377 ipsum
