1835 2672
326 123 367 167 58
535 123 717 159 CAPUT
746 124 1064 170 SECUNDUM,
1099 125 1292 160 SECTJO
1325 125 1378 159 II.

325 220 449 274 quasi
483 221 524 262 in
557 236 602 263 se
638 223 830 264 influxus
866 224 922 264 ab
957 224 1120 265 ultimis
1157 224 1400 273 initiabant,
1437 228 1485 264 ut
1523 236 1580 263 ex

327 290 563 331 innumeris
599 306 733 332 unum
765 300 1023 346 perpetuum
1055 293 1092 333 ἃ
1119 293 1375 333 continuum
1407 292 1582 332 induce-

326 365 447 409 rent;
480 361 598 412 quod
618 361 749 401 etiam
773 363 973 411 obtinuit,
991 376 1068 415 per
1089 362 1198 403 tales
1221 361 1366 402 circuli
1389 360 1582 414 sphaeras

328 427 366 468 ἃ
383 429 563 480 spirales
586 430 715 478 sinuS,
734 431 843 470 visui
866 437 1014 471 nostro
1036 437 1246 483 tanquam
1271 428 1582 482 labyrintheos,

327 498 403 537 sed
427 512 563 550 usque
586 499 628 538 in
651 513 696 539 se
719 499 1082 549 distinctissimos‚
1106 506 1153 539 ut
1185 513 1237 539 ne
1264 500 1441 552 quidem
1474 511 1584 538 unus

328 566 370 605 in
393 565 609 619 rhythmis
627 581 830 608 numerus
848 582 870 608 e
888 575 1099 608 concentu
1118 574 1164 608 ut
1187 568 1418 620 ambiguus
1440 565 1585 607 efflue-

328 641 417 685 ret;
458 650 503 676 se
533 637 649 676 enim
681 651 706 677 a
735 636 987 690 peripheriis
1019 651 1096 690 per
1125 637 1399 677 continentes
1435 636 1586 675 circui-

327 704 479 754 tiones,
503 705 541 745 &
571 706 861 746 involutiones
889 720 1037 746 versus
1068 713 1277 755 centrum,
1299 704 1477 745 circensi
1509 704 1586 744 sed

329 775 508 826 perenni
544 774 721 824 inflexu,
755 775 1045 824 insinuabant,
1077 781 1123 815 ut
1160 774 1342 827 singulae
1380 788 1425 813 se
1457 774 1586 826 ipsas,

329 856 406 895 per
446 857 491 883 se
533 849 685 883 mutuo
724 845 1001 896 insequentes
1044 844 1210 893 modos,
1246 847 1587 890 concentrarent,

329 918 461 965 atque
484 913 544 952 ita
566 913 749 962 unirent,
772 920 818 953 ut
841 927 894 953 ne
916 913 1093 966 quidem
1116 926 1201 953 una
1223 918 1348 961 esset,
1372 925 1470 965 quae
1499 924 1586 951 non

329 995 375 1021 se
407 982 531 1034 quasi
564 982 606 1022 in
640 983 857 1034 ipsissimo
889 988 1038 1022 centro
1070 981 1367 1030 constitutam,
1393 980 1588 1029 videret;

330 1051 391 1090 ita
427 1051 543 1090 enim
584 1051 796 1091 beneficio
838 1051 970 1091 solius
1011 1050 1253 1091 harmoniae
1290 1049 1328 1089 ἃ
1365 1048 1527 1096 formae,
1565 1061 1590 1089 a

329 1120 526 1160 discretis
548 1120 590 1159 in
619 1120 844 1173 quoddam
872 1120 1127 1160 continuum
1158 1132 1293 1159 unum
1322 1119 1436 1158 coire
1467 1122 1590 1170 pote-

330 1195 438 1229 rant.
501 1190 595 1230 Nec
625 1189 709 1230 hoc
740 1190 845 1230 satis
877 1195 980 1238 erat,
1014 1189 1114 1228 inde
1146 1187 1286 1227 solum
1319 1187 1361 1226 in
1398 1186 1462 1226 sui
1500 1185 1591 1226 ludi

330 1258 705 1299 continuationem
728 1258 870 1298 adhuc
900 1257 1040 1309 magis
1068 1257 1327 1305 delitiosam,
1355 1255 1523 1296 allectae
1552 1254 1590 1295 81

332 1326 534 1374 incitatae,
559 1341 615 1367 ex
645 1327 728 1367 hoc
761 1326 933 1375 Centro,
959 1326 1052 1379 jam
1081 1326 1204 1378 quasi
1234 1324 1467 1372 communi,
1490 1324 1592 1377 quia

331 1395 374 1435 in
391 1395 584 1448 singulas
598 1395 823 1449 aequaliter
836 1396 1005 1443 diffuso,
1022 1395 1115 1447 ipsa
1132 1394 1304 1435 Corona
1327 1393 1591 1441 Caelestium,

332 1464 387 1505 ab
405 1465 679 1505 interioribus
700 1465 838 1513 metis,
858 1463 896 1504 81
916 1463 1209 1503 universaliori
1228 1476 1346 1515 gyro,
1366 1462 1426 1502 ita
1448 1460 1592 1501 adhuc

332 1534 575 1587 perfectius,
599 1547 736 1573 novos
764 1532 1036 1573 instaurabat
1057 1532 1194 1578 orbes,
1222 1532 1295 1584 qui
1324 1530 1521 1571 similiter
1548 1543 1594 1570 se

332 1603 387 1643 ad
408 1602 570 1643 Centra
587 1602 909 1651 concinnarent,
926 1607 973 1641 ut
996 1615 1041 1641 se
1059 1602 1215 1641 iterum
1233 1614 1257 1639 a
1275 1600 1404 1652 priori
1428 1599 1594 1639 unitate

335 1672 377 1711 in
406 1685 559 1711 omnes
592 1671 629 1711 ἃ
661 1671 855 1724 singulas
885 1671 1089 1710 distincte
1121 1669 1388 1716 continuata,
1417 1668 1459 1707 in
1492 1680 1594 1707 con-

335 1741 651 1780 centrationem
684 1740 947 1780 intimiorem
978 1738 1015 1778 ἃ
1049 1739 1108 1779 sic
1144 1738 1330 1791 priorem
1362 1736 1594 1776 inferrent:

334 1810 454 1862 quod
477 1810 592 1849 idem
617 1808 786 1850 Chorus
809 1809 941 1848 etiam
964 1807 1223 1860 triplicabat,
1251 1819 1387 1858 usque
1415 1805 1520 1845 dum
1549 1818 1595 1844 se

336 1880 397 1919 ita
420 1879 844 1927 consinuaverint,ut
866 1891 953 1918 non
972 1877 1158 1929 amplius
1180 1882 1437 1929 perpetuum
1456 1874 1595 1927 quod—

337 1947 450 1994 dam,
475 1947 551 1987 sed
580 1947 796 1987 infinitum
825 1946 1145 1993 aemularentur,
1167 1957 1299 1997 seque
1320 1943 1516 1983 viderent
1538 1942 1595 1982 ad

337 2016 654 2069 supracaelestis
676 2015 915 2055 harmoniae
938 2014 1080 2055 ideam
1109 2014 1169 2053 ita
1193 2011 1465 2065 junctissime
1492 2023 1594 2050 con-

339 2091 486 2133 sertaS,
520 2084 557 2124 δε
592 2084 714 2137 quasi
748 2083 886 2131 initas,
916 2088 963 2122 ut
991 2096 1036 2122 sc
1070 2081 1144 2121 vix
1177 2081 1331 2134 plures,
1366 2079 1442 2119 sed
1475 2077 1595 2118 velut

341 2166 488 2202 unum,
507 2154 636 2205 inque
659 2158 905 2192 ccntrorum
929 2150 1093 2190 intimis
1117 2163 1220 2198 esse,
1239 2148 1332 2201 ipso
1350 2160 1476 2187 sensu
1500 2160 1596 2199 per-

339 2223 561 2276 ciperent;
611 2234 711 2261 nam
761 2219 959 2260 similiter
1001 2232 1052 2259 ac
1094 2217 1281 2270 Seipsas,
1323 2215 1454 2256 etiam
1496 2228 1596 2255 suas

342 2292 526 2341 MenteS,
561 2289 802 2342 harumque
836 2288 1033 2337 Delitias,
1069 2285 1333 2327 adunabant.
1396 2284 1593 2324 Mentem
