1783 2760
452 156 530 189 DE
561 154 761 189 AMORE
788 152 1169 187 PRIMOGENJTJ.
1376 159 1435 184 121

186 254 357 295 Veritas
380 254 421 294 in
444 267 490 294 se
517 252 598 293 fert
627 251 863 304 imaginem
894 250 1076 304 Optimi,
1100 251 1159 290 ita
1188 250 1439 301 unaquaevis

187 323 365 363 Bonitas
381 322 615 374 imaginem
630 320 809 360 Amoris
823 319 934 359 illius
952 318 1120 371 Optimi
1134 332 1143 367 ;
1167 331 1267 358 nam
1282 318 1438 367 radius,

186 392 259 444 qui
281 397 346 431 est
367 390 570 431 continua
594 388 707 430 Solis
730 388 888 440 imago,
908 401 964 426 ex
987 387 1082 426 sinu
1106 386 1197 438 ejus
1219 385 1341 425 illurn
1365 399 1441 425 ex-

187 465 341 513 portat.
384 458 456 498 Ex
479 458 544 497 his
566 457 816 505 Amoribus,
834 455 1021 496 totidem
1045 454 1168 507 quasi
1192 454 1440 503 seminibus,

189 528 315 568 Mens
346 534 422 567 tua
452 532 664 578 concepta
697 525 734 565 &
765 530 869 564 nata
901 530 995 574 est3
1032 522 1138 562 nihil
1168 523 1283 562 enim
1316 523 1359 562 in
1392 523 1442 561 ea

188 595 382 644 effloruit,
413 594 493 634 nisi
525 594 642 646 quod
676 593 776 633 inde
807 592 945 633 traxit
976 604 1102 631 suam
1135 591 1352 631 radicem:
1385 604 1442 630 ex

188 665 344 717 quibus
376 663 480 712 fluit,
510 662 627 715 quod
655 662 746 715 ipse
775 661 963 714 effigiem
997 660 1104 713 Ejus
1138 661 1179 700 in
1213 666 1255 700 te
1282 665 1442 712 porteS,

187 747 261 773 seu
284 733 401 785 quod
424 733 481 772 sis
503 732 650 783 imago
672 731 807 784 ipsius
830 729 1030 782 Supremi
1055 743 1130 782 per
1148 727 1360 768 Amorem
1379 728 1442 779 (e).

244 802 310 852 64.
341 801 516 848 Verum,
539 800 714 840 tametsi
738 799 831 839 haec
859 798 962 838 bina
994 797 1184 837 Lumina
1213 810 1263 837 ac
1294 796 1444 836 Lumi-

189 870 319 919 naria,
344 869 381 909 &
404 868 558 908 horum
580 868 670 907 bini
695 867 883 916 Calores,
907 867 1019 906 inter
1046 880 1091 906 se
1117 872 1208 906 tam
1238 865 1444 906 distincta

188 940 227 980 ἃ
242 939 431 992 disparia
449 938 545 987 sint,
561 944 608 978 ut
624 951 669 978 se
683 943 835 977 mutuo
853 937 975 989 quasi
993 936 1164 988 fugiant
1183 935 1443 987 fugentque;

190 1021 326 1060 usque
357 1014 505 1048 tamen
537 1020 621 1046 non
653 1005 877 1054 dissident,
906 1005 982 1044 sed
1015 1003 1290 1050 conveniunt,
1318 1015 1368 1042 ac
1400 1015 1445 1041 se

189 1077 328 1116 amice
344 1076 519 1125 uniunt;
542 1088 643 1114 nam
661 1087 794 1114 unum
813 1080 877 1114 est
895 1073 1070 1113 alterius
1087 1072 1246 1125 gratia:
1278 1072 1444 1111 Verum

189 1159 410 1194 sensationis
428 1173 437 1202 3
472 1170 627 1204 quaeque
660 1158 819 1203 primum
853 1158 1021 1201 subeunt,
1053 1157 1190 1191 Mentis
1224 1163 1360 1191 nostrae
1389 1167 1445 1189 or-

189 1215 342 1259 ganicas
383 1214 531 1258 formas,
566 1225 649 1258 quae
689 1213 889 1247 formarum
930 1213 1164 1257 reliquarum,
1198 1212 1291 1246 sicut
1331 1211 1445 1245 etiam

189 1269 352 1313 ipsarum
378 1269 563 1311 fibrarum,
589 1268 769 1313 principia
795 1274 891 1310 sunt,
918 1268 954 1301 in
980 1267 1192 1301 facultatem
1217 1266 1363 1310 agendi,
1387 1277 1445 1300 ex-

190 1324 305 1358 citant
330 1324 362 1358 &
388 1324 619 1367 inaugurant,
645 1323 677 1357 &
704 1323 755 1357 sic
782 1323 835 1357 eis
862 1322 966 1367 quasi
996 1322 1163 1366 proprias
1189 1321 1323 1365 agendi
1349 1321 1445 1355 vires

191 1379 321 1417 indunt
337 1392 344 1421 3
372 1379 438 1414 sed
455 1379 587 1414 exinde
605 1379 792 1412 reddimur
808 1378 920 1412 modo
946 1378 1124 1412 Potentiae
1147 1378 1289 1419 activae,
1308 1388 1390 1421 quae
1408 1376 1445 1410 in

190 1435 312 1479 ipsum
329 1446 435 1469 suum
453 1441 588 1478 actum,
606 1435 643 1467 in
662 1445 771 1479 quem
789 1433 1017 1477 inauguratae
1043 1439 1137 1475 sunt,
1156 1444 1222 1477 per
1238 1432 1344 1474 vires,
1363 1442 1446 1476 quae

189 1490 413 1525 extrinsecus
430 1490 595 1532 influunt,
613 1490 787 1534 deinceps
810 1489 1038 1523 excitantur:
1081 1488 1188 1522 Vires
1212 1487 1284 1521 111ae
1308 1487 1367 1522 vel
1393 1487 1446 1520 in-

190 1545 304 1579 fluunt
322 1556 387 1589 per
407 1544 503 1579 fores
530 1555 716 1587 sensuum,
733 1544 790 1578 vel
816 1555 859 1578 ex
885 1543 1125 1578 reservatorio
1152 1543 1355 1586 imaginum
1382 1553 1446 1576 seu

191 1600 367 1643 idearum,
385 1600 422 1633 id
441 1606 506 1642 est,
525 1611 569 1634 ex
585 1599 763 1634 memoria
779 1612 787 1641 ;
815 1599 891 1633 sive
909 1599 956 1632 ab
975 1598 1056 1640 illis,
1071 1598 1147 1633 sive
1164 1598 1212 1632 ab
1229 1598 1310 1640 hac,
1329 1608 1447 1642 usque

190 1662 313 1690 tamen
332 1655 567 1697 extrinsecus,
582 1666 669 1688 narn
686 1654 833 1699 propria
852 1654 1040 1688 memoriae
1058 1654 1226 1688 activitas
1244 1660 1301 1687 est
1319 1653 1447 1697 imagi—

191 1711 304 1755 natio,
329 1722 404 1744 non
429 1717 553 1745 autem
579 1710 763 1754 cogitatio.
816 1709 961 1743 Exinde
987 1715 1151 1754 apparet,
1174 1709 1273 1754 quod
1301 1709 1447 1742 Mentes

192 1771 327 1800 nostrae
344 1765 580 1800 efformentur
597 1776 641 1799 ac
660 1764 912 1807 informentur,
930 1764 1037 1798 unice
1059 1764 1107 1797 ab
1132 1764 1186 1807 iis,
1206 1774 1288 1808 quae
1312 1763 1448 1797 cadunt

192 1821 230 1854 in
248 1821 433 1865 quendam
453 1831 623 1861 sensum;
650 1819 759 1863 idque
778 1819 814 1852 in
835 1819 1083 1862 Primogenito
1095 1830 1159 1863 per
1172 1819 1269 1852 viam
1287 1819 1447 1863 priorem

134 1908 138 1913 .
194 1887 258 1910 seu
276 1875 525 1920 superiorem;
552 1875 588 1908 in
616 1874 734 1908 Nobis
757 1880 880 1908 autem
906 1885 971 1918 per
995 1873 1092 1907 viam
1119 1874 1357 1918 posteriorem
1383 1884 1448 1907 seu

193 1931 402 1965 inferiorern
418 1943 426 1971 ;
453 1930 537 1964 inde
556 1930 765 1973 discrimen,
784 1929 882 1974 quod
899 1940 967 1963 nos
985 1940 1050 1973 per
1071 1940 1219 1963 sensum
1240 1929 1446 1963 bonitatum

193 1984 416 2020 terrestrium
445 1985 494 2019 ad
523 1996 673 2020 sensum
702 1985 909 2018 bonitatum
939 1984 1152 2028 caelestium,
1178 1984 1210 2018 &
1236 1984 1273 2018 id
1299 1984 1448 2029 quidem

193 2042 289 2076 lente
307 2053 349 2076 ac
368 2052 461 2084 ser0,
475 2040 719 2075 ascendamus
737 2052 745 2081 ;
774 2040 840 2074 Ille
853 2046 976 2074 autern
992 2051 1056 2084 per
1070 2051 1218 2074 sensum
1233 2041 1447 2074 Bonitatum

196 2096 418 2139 Caelestium,
447 2096 495 2130 ad
524 2107 673 2130 sensum
700 2095 907 2129 bonitatum
936 2095 1173 2139 terrestrium,
1205 2106 1269 2141 per
1301 2095 1450 2139 gradus,

196 2151 434 2186 descenderit.

245 2206 287 2249 (e)
318 2207 419 2241 Sicut
459 2212 584 2241 noster
626 2206 907 2250 Primogenitus,
940 2216 983 2240 ex
1022 2204 1268 2248 Bonitatibus,
1302 2205 1333 2239 &
1365 2204 1450 2238 inde

198 2261 360 2296 oriundis
385 2262 621 2304 Veritatibus,
641 2272 746 2295 suum
771 2260 956 2304 Amorem,
975 2261 1026 2295 ita
1051 2260 1313 2305 unusquisque,
1332 2271 1450 2302 suurn,

198 2327 241 2351 ex
259 2317 343 2360 suis,
363 2316 602 2361 contemplari
621 2321 742 2361 potest
759 2328 765 2349 :
792 2315 838 2350 de
856 2327 929 2361 qua
946 2327 984 2351 re
1001 2315 1105 2350 infra.
