1835 2672
344 169 366 203 6
607 169 789 205 CAPUT
818 169 1056 214 PRIMUM,
1093 170 1288 205 SECTJO
1320 170 1351 204 I.

346 269 467 318 dunt,
488 282 626 322 usque
649 269 691 309 in
725 283 865 322 opaca
899 269 1062 310 Solaris
1094 269 1251 309 Mundi
1284 269 1489 321 Corpora,
1511 279 1610 307 nos-

346 344 547 390 tramque
569 338 802 387 Tellurem,
827 338 865 378 &
890 339 932 377 in
952 339 1091 379 vicem
1115 338 1315 388 subeunt,
1333 337 1510 390 quando
1533 335 1611 377 Sol

347 407 553 447 occiduus
578 406 917 460 Haemisphaerio
939 407 1088 447 relicto
1108 414 1283 448 noctem
1305 406 1483 447 inducit.

406 485 441 527 7.
475 476 527 515 In
565 476 708 529 spatio
744 475 872 528 hujus
912 476 1113 517 Universi
1149 476 1395 524 terminato,
1430 475 1609 515 circum-

347 543 553 594 feruntur,
597 550 644 584 ut
696 545 862 584 dictum
908 550 985 593 est,
1029 545 1223 598 ingentia
1265 544 1472 597 Corpora,
1512 555 1611 596 quae

351 613 512 662 Solem,
536 618 583 653 ut
605 626 838 653 commune
862 612 1073 654 Centrum
1102 613 1422 662 circumeundo,
1443 612 1487 652 in
1511 624 1612 652 suas

348 760 436 782 nam
453 748 538 782 huic
557 748 700 782 accedit
723 747 845 782 adhuc
869 747 1058 793 quoddam
1083 754 1301 793 perpetuum
1327 759 1391 782 seu
1416 746 1611 788 infinitum,

349 805 448 849 quod
467 804 577 849 priori
596 815 670 837 non
690 804 794 845 inest,
814 804 953 838 scilicet
971 804 1070 848 quod
1089 804 1167 848 ejus
1188 803 1370 838 Diametri
1389 814 1465 836 non
1482 801 1612 835 finiam

348 867 418 904 tur,
435 868 498 894 aut
517 860 758 894 terminentur
776 859 812 892 in
839 859 1003 904 quodam
1031 860 1178 902 Centro,
1197 870 1265 893 nec
1293 858 1478 903 simplices
1504 857 1613 891 lineae

349 916 433 959 sint,
448 915 513 948 sed
531 914 773 948 terminentur
790 914 826 947 in
846 913 1007 958 quadam
1025 913 1236 957 Peripheria
1256 913 1390 948 Circuli
1409 919 1471 947 aut
1489 923 1614 956 super-

349 969 432 1004 ficie
446 970 613 1014 sphaerae,
629 980 711 1013 quae
725 980 791 1013 pro
809 968 932 1002 Centri
947 969 1029 1003 loco
1043 969 1077 1003 ei
1092 969 1255 1012 inservit,
1267 969 1299 1002 ἃ
1312 968 1411 1013 quod
1424 967 1613 1002 diametris

349 1028 511 1071 gaudeat
529 1028 566 1060 in
586 1028 717 1061 Curvae
736 1026 889 1070 alicujus
909 1026 1070 1070 speciem
1091 1026 1233 1060 inflexis
1249 1039 1257 1067 ;
1284 1037 1357 1070 qua
1375 1025 1516 1060 ratione
1533 1025 1614 1059 haec

352 1084 487 1117 Forma
506 1089 561 1117 est
582 1083 760 1116 Mensura
786 1082 914 1115 formae
941 1082 1140 1116 Circularis
1168 1093 1232 1116 seu
1259 1081 1502 1125 circularium,
1521 1080 1615 1115 sicut

351 1137 549 1172 Circularis
575 1144 631 1171 est
656 1148 831 1171 mensura
857 1137 1111 1180 Angularium.
1161 1138 1203 1170 In
1232 1136 1368 1171 Forma
1393 1136 1463 1170 hac
1489 1135 1615 1180 spirali

350 1193 472 1227 adhuc
492 1194 668 1226 Formam
687 1192 875 1237 quandam
889 1192 1114 1236 superiorem
1129 1199 1296 1237 spectare
1309 1202 1519 1237 possumus,
1532 1201 1615 1236 quae

350 1255 526 1293 perpetuo
546 1248 689 1292 spiralis
709 1260 773 1282 seu
792 1249 1044 1282 VORTICALIS
1063 1248 1223 1282 dicenda
1246 1255 1313 1291 est,
1331 1248 1367 1281 in
1392 1247 1464 1292 qua
1483 1247 1615 1281 iterum

351 1304 540 1349 quoddam
558 1310 776 1348 perpetuum
795 1311 857 1337 aut
877 1304 1059 1338 infinitum
1083 1304 1264 1348 adjicitur,
1284 1303 1383 1348 quod
1406 1303 1517 1347 priori
1540 1313 1615 1336 non

350 1360 466 1393 inerat
483 1372 490 1400 ;
517 1359 616 1403 prior
633 1359 733 1393 enim
753 1369 791 1392 se
810 1359 858 1392 ad
878 1359 1064 1393 Circulum
1088 1366 1125 1393 ut
1149 1359 1197 1392 ad
1221 1359 1410 1403 quoddam
1433 1358 1615 1392 infinitum

354 1415 543 1456 Centrum,
562 1414 594 1448 δι
612 1414 659 1448 ab
677 1414 748 1447 hoc
766 1425 831 1457 per
847 1413 926 1458 ejus
946 1414 1147 1448 diametros
1165 1413 1213 1447 ad
1234 1414 1410 1448 Centrum
1436 1412 1558 1456 fixum,
1575 1419 1615 1446 ut

352 1471 400 1504 ad
419 1481 525 1504 suum
542 1469 653 1504 finem
669 1476 731 1503 aut
750 1470 958 1514 terminum,
973 1470 1115 1512 retulit3
1142 1470 1221 1504 haec
1235 1481 1321 1504 vero
1337 1481 1375 1503 se
1393 1469 1440 1503 ad
1459 1469 1615 1503 formam

352 1525 525 1569 spiralem
552 1531 590 1558 ut
617 1525 806 1567 Centrum,
828 1536 893 1569 per
916 1525 1032 1559 lineas
1056 1532 1234 1569 perpetuo
1258 1524 1465 1566 circulareS‚
1482 1524 1615 1566 refert;

352 1582 433 1625 ipsa
452 1581 531 1614 h‘cec
550 1580 669 1613 forma
688 1591 727 1614 se
742 1580 778 1613 in
796 1580 1018 1623 Magneticis
1033 1580 1210 1624 apprimis
1224 1580 1436 1614 manifestat
1453 1593 1460 1621 ;
1487 1586 1616 1624 estque

353 1647 396 1670 ex
416 1635 545 1669 eadem
565 1635 718 1679 ratione,
736 1642 775 1669 ut
794 1647 904 1679 supra
923 1635 969 1670 de
988 1635 1221 1670 inferioribus
1240 1635 1366 1669 formis
1390 1635 1529 1669 dictum
1547 1643 1615 1679 est,

353 1702 527 1725 mensura
545 1690 672 1724 formae
692 1691 845 1735 spiralis.
885 1692 925 1724 In
945 1691 1015 1725 hac
1034 1691 1184 1725 demum
1199 1691 1403 1735 conspicari
1418 1702 1615 1735 possumus

355 1747 529 1779 Formam
560 1753 701 1780 naturae
729 1758 951 1790 supremam,
979 1758 1041 1780 seu
1068 1752 1245 1791 perpetuo
1270 1746 1506 1789 Vorticalem,
1533 1758 1616 1792 quae

354 1801 488 1835 eadem
512 1808 567 1835 est
594 1813 677 1835 cum
706 1802 856 1835 FORMA
883 1802 1080 1844 CAELESTI,
1099 1801 1134 1834 in
1161 1800 1234 1845 qua
1259 1801 1511 1845 complurimae
1537 1801 1615 1835 fini—

356 1863 464 1899 tates,
482 1863 520 1889 ut
540 1856 695 1890 totidem
713 1857 1020 1901 imperfectiones,
1039 1856 1144 1901 quasi
1163 1856 1307 1890 abrasae
1330 1863 1426 1900 sunt,
1444 1856 1475 1890 &
1493 1857 1616 1901 plures

357 1914 478 1948 adhuc
497 1915 761 1958 perpetuitates
780 1921 841 1948 aut
856 1915 1055 1949 infinitates
1070 1914 1208 1948 indutae
1224 1927 1232 1955 ;
1258 1925 1370 1959 quare
1385 1914 1464 1948 haec
1481 1915 1616 1949 Forma

356 1976 412 2004 est
446 1970 622 2003 Mensura
651 1970 780 2003 formae
809 1970 1006 2011 vorticalis‚
1034 1970 1187 2014 proinde
1213 1969 1377 2003 omnium
1404 1969 1616 2004 inferiorum

356 2025 545 2068 exemplar
563 2025 594 2058 ἃ
613 2024 707 2067 idea,
726 2036 769 2059 ex
788 2025 859 2069 qua
882 2025 1070 2059 inferiores
1094 2025 1185 2058 sicut
1209 2036 1231 2058 a
1254 2035 1319 2058 suo
1342 2024 1534 2068 principio,
1554 2030 1617 2059 aut

358 2091 380 2113 a
406 2079 524 2112 forma
552 2079 762 2121 formarum,
788 2080 1018 2114 descendunt
1049 2080 1081 2114 δε
1105 2086 1313 2113 nascuntur.
1366 2079 1474 2122 Quod
1500 2079 1550 2112 ita
1576 2090 1617 2114 se

361 2135 617 2169 Formationes
660 2147 780 2169 rerum
821 2136 982 2169 habeant
1025 2134 1354 2170 demonstrandum
1387 2134 1496 2177 venit,
1533 2134 1616 2169 Deo

357 2190 516 2232 volente,
547 2191 582 2223 in
619 2191 799 2225 Doctrina
836 2192 1064 2234 Formarum,
1095 2191 1127 2225 &
1161 2190 1193 2225 ei
1227 2189 1401 2234 adjuncta
1437 2189 1617 2224 Doctrina

360 2245 511 2280 Ordinis
531 2246 562 2279 ἃ
583 2246 784 2280 Graduum.
823 2248 865 2280 In
882 2247 951 2280 hac
973 2246 1106 2280 Forma
1125 2246 1195 2279 illae
1209 2245 1402 2279 facultates
1417 2245 1449 2279 ἃ
1463 2245 1615 2279 virtutes

358 2308 565 2344 occurrunt,
584 2301 683 2346 quod
709 2313 821 2335 unum
847 2302 1001 2336 alterum
1028 2301 1199 2345 respiciat
1226 2300 1330 2345 quasi
1357 2300 1530 2345 seipsum,
1548 2311 1617 2335 nec

358 2356 557 2402 quicquam
577 2356 646 2390 nisi
673 2367 908 2392 communem
935 2357 1145 2392 firmitatem
1171 2356 1204 2391 δε
1230 2355 1466 2390 concordiam
1492 2355 1617 2401 spiret,
