1783 2802
466 977 717 1019 CAPUT
770 977 1092 1027 PRIMUM,

570 1083 769 1122 SECTIO
810 1084 992 1121 PRIMA

337 1188 447 1240 DE
504 1187 729 1240 ORTU
785 1188 1226 1242 TELLURIS.

762 1327 798 1367 3.

432 1529 598 1578 Orbita,
636 1530 869 1582 quotannis
904 1529 1101 1575 volvitur,
1141 1529 1178 1569 ὃς
1215 1530 1311 1582 gyri
1341 1531 1405 1569 sui

431 1598 638 1644 dimensa,
677 1610 754 1649 per
792 1596 944 1637 Sidera
981 1597 1022 1636 in
1065 1597 1268 1646 Zodiaco,
1306 1611 1405 1650 quae

152 1665 488 1717 praetervehitur‚
512 1666 738 1718 designat:
789 1664 984 1718 Tempus
1014 1665 1106 1717 ejus
1131 1665 1407 1706 Circuitionis

151 1739 227 1772 aut
257 1733 418 1773 reditus
452 1734 507 1773 ad
537 1734 651 1773 idem
688 1733 843 1773 Circuli
872 1739 1094 1786 punctum,
1124 1733 1281 1773 dicitur
1314 1734 1406 1786 ejus

151 1800 319 1841 Annus.
362 1802 480 1841 Dum
497 1815 652 1853 gyrum
670 1801 782 1841 hunc
801 1807 876 1841 aut
893 1815 1056 1841 annum
1074 1802 1215 1850 currit,
1230 1801 1407 1854 oblique

150 1870 281 1923 paulo
302 1884 448 1910 versus
475 1871 668 1918 Triones,
693 1870 730 1910 &
759 1871 960 1910 deorsum
992 1869 1073 1910 illis
1104 1884 1160 1910 ex
1189 1871 1406 1923 opposito,

150 1952 176 1978 a
212 1953 372 1992 magno
410 1940 581 1980 Circulo
617 1939 869 1991 AEquidiali‚
900 1940 1151 1989 divertitur;
1195 1939 1233 1978 &
1269 1939 1330 1978 sic
1363 1940 1404 1978 in

150 2009 302 2060 quovis
331 2021 408 2047 suo
439 2009 618 2047 minimo
639 2021 800 2060 gresml,
824 2007 962 2047 ubivis
984 2007 1077 2053 loci,
1100 2007 1266 2046 varium
1290 2006 1404 2047 Solis

151 2076 305 2128 aspicit
318 2076 498 2123 vultum,
515 2076 615 2116 inde
629 2076 721 2128 ejus
736 2081 923 2128 quatuor
936 2075 1057 2114 Anni
1074 2076 1225 2128 spatia,
1241 2075 1405 2116 scilicet

151 2144 248 2192 Ver,
271 2145 430 2192 AEstas‚
453 2144 707 2184 Autumnus
730 2143 768 2183 ἃ
794 2144 976 2196 Hyems.
1040 2143 1089 2182 In
1113 2143 1193 2182 heic
1222 2144 1300 2182 sui}
1327 2144 1403 2182 cir-

152 2213 485 2261 cumvolutione,
509 2226 595 2252 non
617 2226 740 2252 secus
769 2226 818 2252 ac
846 2218 951 2259 rota,
975 2211 1135 2252 circum
1165 2224 1309 2260 axem,
1332 2211 1404 2262 qui

152 2295 177 2321 a
199 2280 301 2333 polo
329 2281 383 2320 ad
413 2281 561 2333 polum
589 2294 665 2333 per
693 2282 885 2320 medium
914 2279 1284 2332 AEquinoctialem
1315 2278 1406 2318 Cir-

152 2348 295 2389 culum
319 2362 392 2389 seu
415 2349 701 2401 AEquatorem
725 2348 942 2401 percurrit,
959 2348 1149 2397 vertitur,
1173 2346 1210 2388 &
1233 2360 1308 2400 per
1327 2346 1407 2386 hos

766 2426 791 2455 B
