1783 2760
382 169 460 203 DE
495 167 753 213 COAJUGJO
784 167 1164 203 PRIMOGENJTJ.
1352 176 1392 213 35

155 266 328 319 insopiti
362 266 448 307 alte
481 268 691 319 ignorent,
726 265 831 318 quid
868 265 1046 314 Caelum,
1080 265 1183 319 quid
1217 265 1395 315 Anima,

150 334 253 387 quid
291 335 416 374 Mens
449 333 761 383 intellectualis,
785 333 822 373 ἃ
856 334 959 386 quid
988 334 1188 383 Animus,
1215 333 1396 387 proinde

149 402 254 455 quid
287 403 433 453 Ordo;
473 402 672 442 inferiora
705 402 819 442 enim
854 402 1143 454 superioribus
1183 403 1243 442 ita
1278 415 1397 442 com-

148 508 261 553 ipsius
278 508 362 542 vitae
382 507 601 550 Facultates,
621 518 702 552 quae
720 513 803 541 sunt
824 507 971 550 Anima,
992 508 1100 541 Mens
1126 507 1395 551 intellectualis,

150 564 182 598 δε
210 564 365 597 Animus
381 575 388 604 ;
416 563 447 596 δι
473 568 597 596 tamen
627 573 754 597 omnes
785 573 889 596 suam
915 563 1041 596 Vitam
1068 574 1091 596 a
1119 563 1307 606 Supremo,
1335 563 1397 607 qui

147 619 310 652 omnium
336 618 535 651 viventium
562 618 648 651 Vita
674 623 740 660 est,
759 617 904 659 sortiri3
931 617 963 651 ὃς
987 617 1190 651 secundum
1216 617 1396 651 rationem

147 673 301 706 influxus
331 673 363 706 δι
390 672 723 716 correspondentiae
752 672 859 717 hujus
886 672 991 716 Vitae,
1020 672 1170 707 Ordinis
1200 672 1254 705 sui
1287 683 1396 716 gyros

147 729 292 763 volvere
306 727 338 762 &
355 728 562 769 revolvere3
589 735 720 772 praeter
738 728 853 772 plura,
870 739 952 772 quae
977 738 1020 761 ex
1044 727 1126 772 ipsa
1151 727 1396 771 descriptione

146 783 291 828 planius
325 783 459 817 hauriri
490 789 636 828 queunt.
689 783 852 827 Concipe
881 783 959 827 jam
989 783 1087 827 quod
1115 783 1249 816 Forma
1281 783 1395 817 Infra-

146 839 315 881 caelestis,
332 850 395 873 seu
413 838 547 872 extima
565 838 661 881 vitae,
676 838 713 871 in
727 838 899 882 expositis
916 838 1117 882 principiis,
1134 838 1258 871 Animi
1280 839 1397 872 nostri

145 893 293 937 propria
310 893 355 927 sit
372 906 380 933 ;
406 893 437 927 δε
458 893 613 926 Interior
635 903 698 926 seu
718 892 851 934 media,
870 892 916 926 sit
944 893 1081 926 Mentis
1110 892 1369 927 Intellectualis
1385 905 1394 935 ;

148 948 180 981 &
198 949 296 993 quod
313 959 386 981 una
403 949 450 981 ab
468 948 581 982 altera
598 947 635 980 in
662 947 716 981 sui
743 953 858 981 status
883 948 1104 982 mutationes
1129 947 1304 982 excitetur
1323 960 1329 983 :
1358 948 1395 982 Si

142 1003 221 1047 jam
233 998 405 1045 Interior,
423 1013 486 1036 seu
506 1002 682 1044 Caelestis,
696 1002 734 1035 id
751 1008 816 1045 est,
837 1003 945 1036 Mens
967 1002 1237 1046 Intellectualis‚
1255 1003 1395 1037 Exteri-

146 1069 247 1092 orem
276 1069 339 1091 seu
367 1057 658 1099 infracaelestem,
685 1068 767 1100 quae
794 1063 849 1091 est
876 1057 1012 1100 Animi,
1038 1058 1075 1091 in
1099 1069 1174 1091 suae
1197 1058 1394 1092 functionis

146 1119 249 1147 actus
267 1113 411 1155 excitat,
429 1118 514 1146 tunc
534 1112 658 1145 omnia
684 1112 885 1146 secundum
910 1112 1077 1146 ordinem
1103 1112 1304 1146 succedunt
1323 1125 1331 1154 ;
1357 1119 1395 1147 at

145 1178 229 1202 vero
263 1167 293 1201 si
324 1167 490 1201 Exterior
520 1167 655 1201 Forma
687 1167 902 1200 Interiorem
937 1178 1001 1201 seu
1036 1168 1277 1212 Superiorem,
1308 1174 1395 1203 tunc

146 1223 335 1256 invertitur
352 1222 441 1256 ordo
460 1234 468 1262 ;
493 1233 580 1255 nam
605 1222 658 1256 sic
676 1222 773 1266 quod
800 1222 1047 1266 imperfectius
1067 1228 1132 1266 est,
1153 1223 1228 1267 agit
1253 1223 1290 1256 in
1316 1234 1395 1268 per-

145 1277 285 1320 fectius,
306 1277 344 1310 id
369 1283 434 1320 est,
459 1277 545 1310 Vita
574 1277 761 1310 Naturalis
789 1276 826 1309 in
857 1277 1077 1311 Caelestem:
1105 1277 1190 1311 inde
1215 1278 1265 1321 fit,
1296 1278 1396 1322 quod

145 1332 334 1366 Vorticelli
363 1332 425 1373 illi,
450 1332 511 1376 qui
540 1331 810 1376 Sapientiarum
836 1331 1078 1375 domunculae‚
1104 1333 1225 1367 vocati
1249 1340 1343 1377 sunt,
1363 1333 1396 1368 Sc

146 1387 321 1421 Formam
338 1387 447 1421 istam
464 1387 698 1430 constituunt,
717 1397 863 1431 prorsus
881 1387 1089 1430 concidant,
1104 1388 1135 1422 δε
1153 1387 1226 1422 fere
1243 1399 1395 1423 evanes-

146 1449 231 1476 cant
247 1455 255 1484 ;
282 1453 368 1476 nam
386 1442 582 1485 aufugente
607 1442 694 1475 Vita
721 1441 880 1483 Caelesti,
899 1442 970 1486 qua
995 1442 1214 1486 animantur,
1232 1443 1303 1477 illae
1321 1445 1395 1478 col—

144 1497 317 1530 labuntur
333 1510 341 1539 ;
368 1496 452 1530 inde
471 1496 562 1541 perit
580 1496 698 1530 omnis
713 1497 997 1531 communicatio
1015 1497 1108 1532 inter
1121 1498 1245 1532 Vitam
1265 1499 1395 1543 Supre-

145 1562 245 1585 mam
271 1552 303 1586 Sc
330 1552 453 1585 Vitam
482 1552 712 1592 naturalem;
742 1551 774 1585 ἃ
804 1551 894 1596 ipsae
926 1552 1147 1587 mutationes
1177 1559 1305 1597 status,
1331 1565 1394 1588 seu

145 1606 239 1641 ideae
264 1607 536 1650 intellectuales,
555 1606 606 1640 ita
631 1606 855 1651 imperfectae
873 1607 904 1641 &
923 1607 1027 1652 quasi
1046 1619 1179 1642 crassae
1204 1609 1394 1654 Minervae,

145 1662 317 1705 evadunt,
338 1668 376 1696 ut
402 1661 514 1695 modo
542 1662 805 1695 mutationibus
830 1668 946 1696 status
974 1662 1151 1696 inferioris
1174 1664 1312 1707 formae,
1331 1676 1394 1699 seu

145 1716 238 1750 ideis
256 1717 505 1751 materialibus
524 1716 555 1750 &
570 1727 695 1750 earum
713 1716 819 1758 ludis,
838 1728 900 1750 seu
925 1717 1041 1760 geniis
1067 1724 1129 1751 aut
1154 1718 1299 1761 animis,
1317 1730 1394 1753 cor—

144 1772 411 1816 respondeant:
439 1783 511 1816 qua
537 1771 678 1805 ratione
704 1782 814 1805 merae
841 1772 981 1805 umbrae
1010 1772 1090 1806 loco
1116 1772 1218 1815 lucis,
1242 1774 1279 1806 in
1306 1785 1396 1818 pure

147 1826 402 1870 Spiritualibus
421 1837 484 1860 seu
504 1825 731 1868 Caelestibus‚
751 1826 975 1866 succedunt3
1002 1826 1129 1860 similis
1149 1833 1263 1861 status
1281 1829 1394 1862 etiam

144 1881 351 1914 universam
367 1881 527 1923 Fibram,
543 1891 586 1914 ex
600 1880 714 1913 tribus
729 1880 808 1914 istis
820 1880 1007 1925 principiis
1019 1881 1224 1924 excitatam,
1239 1882 1271 1916 Sc
1286 1883 1394 1917 simul

144 1936 264 1980 ipsum
286 1936 363 1980 ejus
387 1936 573 1980 Spiritum,
598 1941 778 1979 occupat;
803 1946 891 1969 nam
914 1935 1004 1969 fibra
1030 1947 1074 1970 ex
1100 1937 1287 1982 principiis
1317 1939 1392 1972 suis

144 1983 291 2024 ornnem
311 1991 421 2025 trahit
444 2001 519 2024 suae
537 1990 621 2024 vitae
639 1990 888 2024 conditionem
905 1990 937 2024 ἃς
954 1996 1123 2024 naturam
1138 2004 1146 2033 3
1170 1992 1299 2026 fibrula
1321 1993 1394 2036 illa,

144 2056 209 2089 per
225 2046 462 2080 eminentiam
484 2047 535 2079 sic
553 2045 662 2087 dicta,
681 2056 762 2089 quae
778 2045 904 2079 Vitam
927 2046 1120 2081 Caelestem
1143 2047 1393 2092 circumvehst,

146 2099 184 2133 fit
207 2106 383 2145 tanquam
404 2100 574 2135 tendulus
597 2100 774 2134 exanimis
800 2100 832 2134 δι
856 2100 1062 2144 impervius,
1085 2101 1171 2145 quia
1196 2101 1232 2135 in
1256 2113 1295 2136 se
1319 2103 1392 2136 col-

144 2155 274 2199 lapsa3
300 2155 332 2188 ἃ
358 2156 409 2189 sic
435 2156 521 2189 Vita
546 2154 724 2188 naturalis
750 2154 868 2188 solum
890 2161 1042 2198 regnat;
1070 2155 1126 2189 cui
1149 2162 1274 2190 tamen
1296 2156 1392 2192 inest

144 2209 231 2243 Vita
253 2209 429 2253 Supremi,
456 2209 521 2244 sed
547 2209 687 2252 absque
712 2208 958 2250 mediatione;
983 2209 1052 2243 hoc
1070 2209 1148 2254 jam
1169 2216 1224 2244 est
1247 2211 1391 2255 Velum,

145 2264 243 2308 quod
266 2264 514 2308 interponitur,
532 2270 569 2298 ut
592 2264 747 2298 Caeleste
767 2274 813 2297 ne
833 2264 947 2297 hilum
969 2264 1117 2309 quidem
1140 2271 1389 2310 transpareat3

146 2318 178 2352 ἃ
201 2318 285 2353 inde
309 2319 437 2354 similis
462 2329 652 2364 perversus
679 2318 768 2353 ordo
795 2325 871 2353 tam
895 2319 1059 2354 minimis
1085 2331 1196 2364 quam
1219 2321 1388 2356 maximis
