1835 2672
700 692 909 734 CAPUT
952 693 1321 745 SECUNDUM,

791 802 990 840 SEcTro
1029 803 1224 849 PRIMA,

488 904 602 957 DE
659 904 885 959 ORTU
946 905 1531 970 PRIMOGENITI,

833 1029 919 1071 Seu
962 1029 1189 1070 ADAMI.

980 1143 1044 1185 29.

522 1215 839 1288 MELLUS
859 1215 952 1268 jam
976 1216 1063 1255 suis
1082 1215 1421 1268 collocupletata
1435 1215 1634 1265 Vivariis,

474 1317 476 1325 s
537 1268 622 1357 “Q
672 1284 710 1324 ἃ
755 1290 846 1324 tam
888 1284 1107 1337 amplifice
1148 1285 1360 1325 instructa
1402 1285 1439 1325 ἃ
1482 1290 1636 1324 ornata

515 1370 528 1412 ¹?
592 1352 622 1426 y
668 1353 899 1393 fructuosis
922 1353 1094 1402 delitiis,
1116 1367 1193 1405 per
1217 1353 1379 1405 gradus
1407 1367 1508 1393 suos
1536 1367 1636 1406 pro-

546 1424 625 1451 χώ
669 1435 817 1474 gressa
842 1422 880 1462 81
907 1428 1092 1474 evagata
1121 1423 1300 1462 tandem
1331 1422 1386 1461 ad
1416 1422 1541 1461 Veris
1570 1422 1636 1462 sui

378 1492 568 1532 mediam
599 1491 848 1538 stationem,
870 1504 943 1530 seu
975 1491 1251 1530 mitissimam
1280 1496 1638 1542 temperaturam,

377 1559 680 1612 pertingebat;
719 1557 900 1610 jamque
935 1558 990 1598 ad
1028 1571 1248 1598 summum
1282 1558 1401 1598 enisa
1432 1559 1636 1599 omnibus

378 1627 684 1667 emolumentis
724 1625 1075 1667 circumfluebat:
1129 1626 1276 1667 Laetis
1317 1626 1636 1667 stillicidia.ex

376 1696 588 1736 fertilibus
620 1694 657 1734 &
690 1693 818 1734 simul
850 1694 1040 1747 gravidis
1072 1708 1209 1747 nuper
1240 1695 1381 1743 ramis,
1403 1694 1636 1735 ablactatis

377 1764 615 1804 infantibus
640 1764 769 1811 Feris,
793 1762 926 1803 effuse
949 1763 1227 1812 emanabant,
1249 1769 1381 1816 atque
1403 1777 1480 1816 per
1500 1777 1635 1804 novas

375 1847 508 1874 venas
530 1834 585 1873 ad
615 1832 782 1872 radices
812 1838 1105 1872 maternarum
1134 1832 1354 1872 frondium
1383 1831 1635 1872 refluebant.

376 1902 580 1942 Thalami
615 1900 825 1953 graminei
861 1901 993 1940 etiam
1030 1900 1158 1940 melle
1191 1914 1248 1940 ex
1277 1900 1386 1941 favis
1418 1906 1486 1940 tot
1518 1900 1635 1941 colo-

376 1971 545 2010 niarum
576 1983 708 2022 apum
737 1968 942 2019 stillante,
971 1969 1346 2022 constipabantur,
1378 1968 1415 2009 &
1445 1969 1636 2009 cohaere-

376 2039 493 2079 bant.
539 2039 665 2079 Seres
681 2051 758 2078 sua
775 2037 1008 2078 trahebant
1025 2051 1172 2090 pensa,
1187 2051 1236 2077 ac
1255 2037 1351 2078 licia
1369 2037 1409 2077 in
1429 2037 1636 2078 rhombos

377 2120 591 2155 connexa,
617 2112 664 2146 ut
697 2105 804 2145 viles
837 2119 1014 2155 merces,
1046 2120 1123 2159 per
1151 2106 1337 2146 Telluris
1367 2106 1521 2146 faciem
1556 2107 1635 2146 cir-

377 2174 757 2228 cumspargebant.
800 2174 933 2214 Nulla
955 2189 1041 2214 non
1059 2175 1225 2228 species
1241 2174 1460 2214 Animans
1478 2175 1520 2214 in
1543 2189 1633 2216 suae

378 2251 542 2285 naturae
580 2257 735 2296 operas
772 2242 967 2283 officiosa
1004 2243 1233 2292 ferebatur,
1267 2257 1346 2283 nec
1383 2243 1463 2283 nisi
1500 2257 1632 2296 quarn

377 2313 545 2354 venturi
567 2312 776 2365 temporis
798 2326 899 2352 usus
923 2311 960 2352 δε
984 2313 1134 2365 pretia,
1151 2312 1188 2353 ὃς
1210 2312 1331 2365 quasi
1353 2325 1431 2365 pro
1453 2313 1636 2365 posteri—
