1835 2672
440 122 481 157 18
854 123 998 159 PARS
1029 123 1303 168 SECUNDA,

436 220 608 262 fluxum
630 221 672 262 in
696 221 890 273 alteram,
912 222 1157 272 lustremus,
1178 222 1292 263 hanc
1313 222 1375 263 ita
1400 221 1698 277 circumscrip-

436 296 530 331 tam
563 290 728 341 fibram,
751 292 890 345 digito
919 292 1012 345 jam
1045 292 1199 332 leniter
1226 305 1433 345 pressam,
1457 291 1496 332 ἃ
1523 305 1549 332 a
1570 293 1698 333 sociis

438 359 705 412 expeditam,
741 373 1054 413 persequamur
1086 374 1224 413 usque
1259 360 1315 400 ad
1352 373 1431 400 sua
1470 360 1695 414 principia,

438 428 674 480 conspicua
707 428 749 468 in
784 429 952 469 ambitu
985 442 1059 470 seu
1088 430 1250 469 corona
1275 428 1695 482 haemisphaeriorum

439 496 627 547 Cerebri,
661 496 699 537 &
731 497 859 537 simul
891 498 934 537 in
965 497 1137 537 Axium
1167 497 1259 550 ejus
1292 497 1511 547 Medullis,
1536 511 1697 538 vocan-

439 569 597 616 turque
620 563 864 613 Glandulae,
887 578 913 605 a
935 578 1013 605 suo
1038 566 1123 605 situ
1151 565 1404 615 Corticales,
1429 565 1467 606 &
1495 579 1521 607 a
1553 565 1697 607 colore

440 632 674 679 Cineritiae‚
698 639 887 686 suntque
908 639 1051 673 ovatae
1076 633 1226 687 figurae
1251 634 1502 687 Sphaerulae,
1525 635 1568 675 in
1591 648 1699 688 qua-

440 715 535 741 rum
557 702 652 741 sinu
676 703 925 742 reconditur
941 716 1028 742 non
1047 703 1188 743 solum
1207 703 1413 756 quicquid
1436 703 1548 743 inest
1564 703 1698 752 fibrae,

437 770 516 810 sed
550 771 682 810 etiam
716 771 923 823 quicquid
961 772 1105 823 agitur
1137 771 1175 811 &
1209 772 1394 812 sentitur
1417 785 1494 825 per
1515 771 1698 823 fibram;

439 845 708 892 quapropter
729 853 783 879 ne
805 839 950 879 radios
971 839 1107 879 nostri
1132 840 1249 880 visus
1280 840 1323 880 in
1355 840 1501 893 plures
1533 841 1698 894 disper—

438 921 608 960 gamus,
630 921 763 948 unam
799 907 932 948 modo
965 908 1229 961 sphaerulam
1262 922 1287 948 a
1313 909 1524 949 societate
1548 922 1701 949 exem-

438 982 541 1025 tam,
561 975 599 1016 ἃ
621 990 719 1017 eam
741 977 893 1017 ordine
914 977 969 1017 ab
992 977 1173 1017 extimis
1193 977 1250 1017 ad
1273 977 1428 1017 intima
1449 983 1700 1027 reseratam,

439 1045 721 1096 intueamur;
763 1045 963 1086 abductis
1000 1046 1149 1098 itaque
1180 1046 1385 1099 piissimis
1416 1046 1699 1095 Membmnis,

439 1115 630 1167 primum
653 1116 695 1155 in
713 1121 997 1168 conspectum
1018 1115 1179 1168 prodiit
1201 1128 1361 1156 novum
1381 1115 1604 1168 quoddam
1622 1112 1704 1156 sed

441 1184 484 1223 in
525 1185 688 1238 exigua
729 1184 838 1225 facie
881 1184 1130 1233 Cerebrum,
1173 1197 1273 1224 cum
1324 1183 1503 1224 infinitis
1543 1184 1699 1224 iterum

439 1251 678 1305 sphaerulis,
721 1253 763 1293 in
805 1252 990 1294 formam
1034 1252 1423 1303 Infra-Caelestem,
1464 1252 1700 1307 dispositis,

440 1335 625 1375 quarum
655 1322 851 1363 omnium
882 1328 974 1363 erat
1004 1322 1060 1363 ad
1094 1322 1290 1364 Circulos
1322 1322 1510 1375 majores
1541 1322 1703 1363 minor-

440 1404 584 1444 esque,
605 1391 643 1432 &
665 1390 820 1431 horum
839 1392 894 1431 ad
917 1390 1055 1440 Polos,
1071 1390 1187 1430 fixus
1205 1391 1388 1431 intuitus
1408 1390 1445 1431 ἃ
1464 1396 1700 1444 respectus,

440 1473 614 1512 prorsus
647 1460 757 1500 sicut
791 1460 833 1499 in
870 1461 1032 1513 magna
1061 1459 1213 1499 mundi
1240 1459 1438 1512 sphaera;
1469 1459 1700 1500 visendum

442 1527 575 1568 etiam
598 1528 796 1581 praebuit,
819 1529 1042 1580 quomodo
1064 1527 1157 1568 haec
1180 1542 1205 1568 a
1226 1527 1454 1581 sphaerulis
1482 1528 1702 1581 descripta

441 1597 591 1645 forma,
607 1610 684 1649 per
697 1597 760 1637 sui
777 1597 1038 1637 variationes
1055 1595 1092 1636 &
1107 1602 1247 1637 status
1265 1597 1542 1646 mutationes,
1558 1597 1700 1646 Ideas,

443 1666 704 1715 Materiales,
721 1667 871 1715 dictas,
888 1666 1170 1719 produceret;
1196 1665 1234 1706 &
1256 1665 1478 1718 quomodo
1495 1679 1701 1719 unaquae-

442 1735 507 1775 vis
529 1735 746 1788 sphaerula
768 1735 929 1775 exilem
953 1734 1108 1774 fibram
1131 1748 1230 1774 cum
1253 1748 1331 1774 suo
1359 1733 1550 1783 ductulo,
1577 1735 1704 1775 emit-

443 1810 566 1853 teret,
591 1804 628 1844 &
650 1803 845 1844 tunicula
866 1803 1120 1844 obvolveret
1139 1817 1148 1854 ;
1172 1802 1209 1843 ἃ
1229 1803 1267 1843 ei
1285 1802 1584 1843 infunderetur
1597 1802 1704 1843 Vita

444 1872 653 1912 naturalis
675 1872 731 1912 ab
754 1872 905 1912 infimo
928 1871 1047 1912 fonte
1074 1871 1299 1924 spirituali,
1324 1872 1397 1924 qui
1419 1870 1538 1911 illam
1561 1870 1704 1924 sphae-

444 1955 537 1981 ram
570 1954 668 1981 cum
698 1941 786 1981 suis
817 1941 956 1994 geniis
988 1941 1153 1990 incolit,
1175 1940 1213 1981 &
1243 1940 1336 1993 ejus
1361 1940 1566 1993 organica
1587 1939 1703 1992 prin-

444 2010 569 2063 cipia,
613 2010 807 2050 excitat:
857 2015 951 2050 tum
994 2009 1126 2050 etiam
1177 2008 1400 2062 quomodo
1440 2021 1593 2048 omnes
1632 2007 1702 2048 hae

446 2078 625 2127 fibrulae,
657 2077 738 2118 hac
777 2077 898 2118 vitali
941 2078 1130 2118 essentia
1170 2082 1415 2130 permeatae‚
1442 2090 1519 2130 per
1551 2075 1703 2116 similis

446 2147 597 2188 sormae
632 2147 974 2199 circumgyratas
1010 2147 1184 2196 helices,
1219 2158 1499 2187 communem
1534 2144 1705 2195 fibram,

448 2230 522 2257 seu
558 2215 762 2268 Corporis
797 2229 1013 2265 nerveam,
1040 2215 1362 2256 consinuarent.
1427 2214 1511 2254 His
1539 2213 1704 2266 perlus-

449 2285 585 2336 tratis,
611 2284 711 2325 dein
747 2297 881 2324 unam
917 2284 1070 2325 harum
1104 2282 1419 2338 sphaerularum
1451 2282 1627 2324 reclusit
1664 2281 1704 2323 81
