1783 2760
376 168 454 202 DE
484 167 757 202 JNFANTJA
793 167 1175 202 PRIMOGENITI.
1357 167 1400 212 85

151 265 312 306 circum
346 265 450 315 Vos,
485 264 523 305 &
557 266 717 305 circum
750 278 820 304 me
855 270 1058 312 vestrum,
1095 264 1237 304 rident
1272 278 1404 305 venu-

152 339 319 374 statum
337 334 628 374 amaenitates:
656 333 692 373 ἃ
711 338 818 385 quot
836 346 893 373 ex
910 332 1141 372 verticibus
1160 339 1403 376 nostrarum

152 402 357 442 arborum
394 402 630 442 suavitates
673 401 1021 441 modulaminum
1060 407 1322 453 personant;
1366 400 1404 441 &

153 476 261 523 quot
277 470 435 510 delitiae
450 483 500 510 ac
514 469 682 522 lepores
700 483 850 509 sensus
867 483 987 509 meos
1005 469 1165 522 apertis
1182 469 1405 509 lenociniis

152 544 329 591 captare
356 538 558 589 student;
600 538 675 578 sed
703 537 845 587 velim,
875 543 922 577 ut
949 551 1167 590 persuasae
1196 537 1300 588 sitis,
1330 537 1405 578 ad-

153 671 286 715 eadem
303 672 341 706 in
358 683 468 706 sonos
486 672 697 706 articulatos
716 683 780 706 seu
796 682 916 715 voces,
935 682 1083 716 prorsus
1101 671 1150 705 ad
1173 671 1406 715 cogitationis

154 727 270 770 ideas,
295 727 473 770 emittere,
499 727 531 761 ἃ.
556 727 821 768 transcribere3
851 738 873 760 a
899 727 976 761 solo
1005 733 1139 761 conatu
1168 727 1267 760 nulla
1296 728 1409 761 oritur

157 783 264 826 actio,
283 783 376 817 sicut
392 794 414 816 a
432 782 554 826 quiete
572 783 671 816 nulla
688 782 811 816 motio.
847 783 941 815 Cum
959 782 1082 826 itaque
1102 782 1284 825 Cogitatio
1302 783 1409 816 realis

154 836 302 882 loquela
320 837 376 880 sit,
394 837 459 871 sed
476 837 649 881 laryngea
667 837 792 870 nostra
808 837 1012 881 perfectior,
1030 837 1062 871 Sc
1080 837 1188 871 simul
1210 837 1242 871 ἃ
1266 848 1409 871 succes-

158 892 237 927 sive
264 892 368 936 plura
396 892 519 927 volvat
549 892 581 926 Sc
610 892 784 934 involvat,
813 892 975 937 sequitur
1003 892 1102 936 quod
1129 892 1191 925 illa
1221 893 1409 926 Mentibus

161 948 390 991 Caelestibus,
408 959 490 992 quae
507 948 640 991 Angeli
659 947 838 989 dicuntur,
858 954 933 981 tam
951 947 1055 990 bene,
1075 947 1148 981 imo
1172 947 1313 981 infinite
1331 959 1409 992 per-

158 1002 301 1045 fectius,
327 1002 453 1036 audita
478 1002 510 1035 δε
535 1002 719 1036 intellecta
745 1002 800 1043 sit,
826 1013 938 1046 quam
962 1002 1107 1046 loquela
1132 1002 1204 1036 oris
1230 1013 1251 1034 a
1275 1002 1410 1036 nostris

160 1057 270 1090 sociis
289 1057 321 1091 δε
339 1057 686 1091 confabulatoribus.
724 1057 894 1090 Nolimus
913 1057 1047 1101 itaque,
1063 1068 1188 1101 quaeso
1205 1058 1212 1090 1
1238 1057 1410 1091 inanibus

160 1112 322 1155 argutiis,
337 1118 399 1145 aut
417 1112 537 1156 potius
552 1112 662 1146 meris
675 1111 826 1153 umbris,
841 1111 1051 1145 intuitiones
1065 1112 1198 1145 nostris
1212 1112 1410 1146 rationales

162 1166 391 1209 immergere,
410 1166 442 1200 δε
461 1166 497 1199 in
517 1166 673 1200 Civitate
693 1165 864 1209 Literata,
877 1166 956 1210 jam
972 1166 1021 1199 ad
1043 1166 1113 1199 hoc
1137 1177 1243 1199 suum
1265 1166 1411 1200 culmen

162 1221 300 1263 evecta,
318 1221 552 1255 laterunculis
575 1221 711 1264 ludere,
738 1221 972 1263 sciscitando,
996 1232 1083 1254 num
1109 1221 1253 1255 Mentes
1275 1227 1412 1255 nostrae

163 1275 197 1310 ἃ
225 1276 370 1309 Animae
400 1276 612 1310 Materiales
641 1282 736 1318 sunt,
764 1287 829 1310 seu
856 1287 944 1309 num
967 1282 1141 1318 extensae,
1168 1282 1207 1309 ut
1235 1276 1413 1320 impleant

163 1331 293 1375 spatia,
312 1331 345 1365 δε
362 1342 450 1364 num
468 1342 594 1364 earum
615 1331 820 1365 activitates
843 1341 907 1375 per
928 1336 1095 1374 tempora
1119 1341 1183 1364 seu
1206 1336 1412 1375 temporum

162 1386 366 1420 celeritates
391 1386 597 1427 metiendae,
616 1385 648 1419 δι
667 1379 818 1426 similia3
845 1397 931 1419 nam
951 1385 1109 1419 Materia
1126 1391 1180 1419 est
1195 1385 1314 1419 solum
1331 1398 1412 1430 vox,

163 1440 266 1485 cujus
285 1441 471 1475 Attributa
496 1441 528 1475 ἃ
556 1441 760 1474 Praedicata
784 1452 931 1485 prorsus
958 1440 1005 1474 ad
1029 1451 1179 1474 omnem
1205 1452 1354 1474 sensum
1381 1441 1413 1476 δι

163 1501 313 1539 captum
327 1495 538 1529 definienda
552 1502 648 1538 sunt,
661 1501 861 1540 antequam·
877 1496 1121 1529 demonstrari
1139 1502 1271 1540 potest,
1286 1507 1413 1530 secun-

163 1550 253 1584 dum
270 1562 379 1596 quem
402 1551 625 1585 intellectum
647 1542 775 1585 forma}
797 1551 878 1585 istae
901 1551 933 1585 ἃ*
957 1562 1082 1584 earum
1105 1551 1311 1586 activitates
1334 1563 1413 1595 per-

164 1605 345 1649 cipiendae
367 1618 375 1639 :
417 1605 505 1639 satis
538 1612 605 1647 est,
638 1605 737 1650 quod
771 1605 996 1640 Substantiae
1031 1605 1115 1649 sint,
1150 1606 1182 1640 δε
1222 1607 1414 1641 actualiter

164 1660 324 1694 existant
364 1660 397 1694 δε
433 1660 645 1704 subsistant,
679 1661 850 1705 quodque
882 1661 1087 1695 activitates
1120 1661 1264 1695 illarum
1297 1662 1413 1697 reales

163 1716 370 1750 activitates
390 1715 474 1759 sint,
493 1727 580 1749 nam
597 1716 668 1750 illae
689 1717 788 1758 solae,
808 1722 903 1759 sunt,
921 1716 953 1750 ἃ
976 1722 1099 1760 agunt,
1117 1716 1155 1750 in
1177 1724 1302 1751 nostro
1327 1718 1414 1751 Cor-

165 1783 276 1817 pore3
302 1771 385 1806 ideo
403 1772 438 1805 in
457 1772 577 1816 spatio
595 1772 628 1806 Sc
646 1772 682 1805 in
703 1778 868 1816 tempore
891 1778 985 1813 sunt,
1003 1772 1152 1816 quando
1177 1772 1213 1805 in
1237 1784 1303 1806 suo
1327 1773 1414 1807 Cor-

165 1838 254 1872 pore
279 1827 312 1861 &
336 1827 373 1860 in
401 1827 555 1870 Mundo,
580 1838 666 1860 nam
690 1827 739 1860 ad
764 1833 940 1870 nostrum,
966 1838 1041 1860 non
1066 1827 1113 1860 ad
1138 1827 1240 1871 alius,
1262 1828 1414 1872 Corpus,

166 1882 359 1927 pertinent,
378 1882 411 1916 δε
428 1882 460 1916 ei
479 1882 612 1925 insunt,
632 1893 673 1915 ac
693 1882 902 1916 intuitiones
920 1893 1016 1925 suas,
1036 1882 1128 1916 sicut
1151 1883 1278 1916 Oculis
1295 1883 1416 1918 visum

167 1936 206 1970 in
222 1936 411 1979 mundum,
430 1937 542 1971 etiam
564 1938 602 1970 in
629 1937 769 1970 Caelum
794 1937 986 1978 emittunt;
1012 1943 1050 1971 at
1073 1948 1159 1971 vero
1184 1944 1285 1972 extra
1311 1949 1416 1973 suum

169 1993 322 2036 Corpus,
334 1998 416 2036 post
430 1992 709 2036 separationem,
724 1992 818 2026 sicut
833 2003 871 2026 se
884 1992 1062 2036 recipiunt
1075 2004 1183 2037 supra
1196 1999 1258 2028 aut
1272 1994 1416 2038 penitus

167 2047 265 2081 intra
288 2053 467 2089 naturam,
493 2047 544 2082 ita
569 2047 612 2081 iis
638 2047 731 2091 perit
756 2047 840 2081 idea
866 2047 973 2091 spatii
998 2047 1031 2081 ἃ
1055 2048 1253 2092 temporis:
1289 2048 1353 2082 sed
1378 2055 1418 2083 ut

170 2102 296 2136 Status
314 2112 440 2136 earum
458 2102 688 2146 intelligatur,
706 2102 932 2145 intelligendi
953 2108 1036 2136 sunt
1060 2108 1176 2136 status
1201 2103 1417 2136 Formarum

169 2157 375 2191 activarum
392 2157 630 2200 superiorum,
644 2157 857 2202 cumprimis
876 2157 1085 2191 Caelestium
1103 2157 1136 2191 &
1156 2158 1417 2202 Spiritualium,

167 2223 251 2257 quae
269 2212 472 2255 Corporum
488 2212 708 2246 naturalium
725 2212 963 2257 proprietates
982 2212 1014 2247 δε
1032 2212 1205 2256 adjuncta
1221 2219 1366 2255 exuunt,
1385 2213 1418 2247 &

169 2266 430 2311 perpetuitates
456 2278 499 2301 ac
523 2267 721 2301 infinitates
745 2267 943 2311 perplures,
962 2267 1055 2301 sicut
1081 2278 1192 2311 supra
1216 2268 1419 2302 indicatum

170 2327 238 2366 est,
251 2321 414 2356 induunt.
449 2322 587 2357 Verum
603 2322 795 2357 umbrosas
814 2322 894 2357 illas
913 2322 1084 2368 argutias,
1100 2323 1186 2368 quia
1203 2334 1277 2358 non
1290 2323 1417 2367 reales,
