1783 2760
511 179 589 212 DE
625 178 772 212 ORTU
804 177 1078 211 TELLURJS.
1400 185 1422 218 9

220 285 257 325 9.
280 273 474 326 Tempus
490 273 637 326 itaque
652 272 741 321 fuit,
758 273 894 312 instar
907 285 992 311 non
1008 271 1228 323 temporis,
1242 271 1419 323 quando

166 341 240 382 Sol
254 341 469 394 gravidus,
486 342 678 394 Corpora
696 341 760 380 sui
782 340 993 389 Universi,
1009 346 1220 392 tanquam
1238 352 1420 391 magnos

163 409 315 459 foetus,
333 410 375 450 in
398 410 494 450 alvo
517 424 594 450 suo
616 415 872 462 gestaverat,
891 408 928 449 &
951 408 1127 461 quando
1150 421 1200 448 ea
1223 408 1352 462 nixus
1375 407 1417 446 in

162 491 288 518 auras
320 477 575 531 expulerat;
616 492 717 518 nam
751 478 786 517 si
819 491 875 517 ex
909 476 1024 525 Sole,
1057 483 1104 517 ut
1138 477 1330 525 Parente,
1361 489 1418 515 ex

163 546 364 586 faecundo
388 546 479 599 ejus
502 552 634 595 utero,
657 546 848 599 erupisse
870 552 1049 586 constat.
1120 545 1284 585 Verum
1308 543 1419 583 adeo

161 629 313 667 graves
346 614 383 655 &
416 616 574 655 inertes
609 614 762 663 foetus,
794 615 835 654 in
872 628 950 654 suo
986 620 1077 654 tarn
1110 614 1289 653 ardente
1320 612 1418 651 foco

161 689 342 735 gestare,
367 683 404 723 &
428 683 709 736 postmodum
733 683 909 722 nixibus
940 683 1079 730 edere,
1104 695 1191 721 non
1220 687 1391 734 poterat
1413 713 1421 729 ,

161 751 237 791 sed
279 751 542 804 ejuscemodi
585 751 731 793 Onera
771 751 1063 791 exhalationis
1102 751 1205 803 ejus,
1243 749 1280 790 &
1318 750 1420 788 inde

160 819 388 860 fluentium
404 820 771 872 efficientiumque
784 820 938 860 virium
954 819 1094 859 ultimi
1110 819 1289 858 effectus
1305 824 1418 858 sunt.

162 888 272 928 Inde
295 888 410 936 cluit,
434 889 551 941 quod
582 888 657 929 Sol
686 889 885 941 primitus
915 889 970 928 ab
997 888 1226 928 effluviosis
1249 901 1305 926 ex
1328 900 1419 926 era-

160 957 353 1003 diatione
375 957 467 1009 ejus
490 957 591 997 reali
613 958 816 998 excitatis
838 957 1115 1009 exclusisque
1137 956 1354 1002 halitibus,
1379 955 1417 995 δι

160 1026 453 1077 undequaque
470 1025 523 1065 ad
542 1025 674 1074 illum,
691 1032 738 1066 ut
756 1026 930 1077 azylum
955 1025 992 1065 85
1016 1026 1192 1065 unicum
1215 1023 1419 1077 requietis

159 1100 347 1146 portum,
380 1093 548 1133 affatim
580 1093 910 1142 confluentibus,
941 1094 1157 1134 obductus
1189 1093 1346 1140 fuerit;
1379 1092 1418 1132 ἃ

162 1177 253 1211 Dies
267 1188 349 1211 cum
365 1178 438 1211 suis
453 1178 565 1220 horis,
577 1189 642 1222 per
656 1178 732 1222 ejus
747 1178 896 1212 alternis
912 1184 1072 1212 mutatos
1085 1185 1265 1222 aspectus,
1281 1188 1418 1222 perque

159 1232 238 1277 ejus
259 1233 369 1266 Ortus
387 1239 579 1275 vergentes
597 1233 645 1266 ad
669 1244 834 1275 occasus,
852 1234 884 1267 δε
908 1245 973 1277 per
997 1234 1162 1267 Occasus
1187 1239 1419 1276 resurgentes

159 1288 207 1321 ad
225 1294 336 1331 ortus,
355 1288 514 1322 existunt
530 1301 536 1327 ;
564 1288 596 1322 δε
615 1288 666 1322 sic
685 1288 771 1332 quia
789 1289 826 1321 in
851 1300 1010 1331 sensum,
1029 1289 1141 1322 etiam
1165 1289 1202 1321 in
1225 1299 1417 1321 numerum

159 1343 307 1377 cadunt.
348 1343 508 1376 Annuos
525 1344 573 1377 ἂψ
589 1343 745 1376 diurnos
762 1347 881 1377 molus
898 1345 1088 1377 instauras
1099 1357 1112 1377 .·
1138 1355 1224 1377 nam
1243 1343 1335 1377 sicut
1357 1343 1419 1377 Sol

158 1398 196 1431 in
215 1398 355 1432 caeteris
375 1398 545 1432 omnibus
563 1409 628 1442 per
645 1398 768 1432 radios
787 1410 872 1432 suos
896 1399 991 1433 vires
1016 1400 1155 1433 activas
1179 1399 1211 1433 ἃ
1235 1399 1337 1432 vivas
1361 1409 1419 1432 ex-

159 1453 257 1496 citat,
286 1453 336 1487 ita
362 1454 473 1487 etiam
500 1460 618 1487 totum
641 1465 748 1487 suum
780 1454 1006 1488 Universum
1036 1466 1118 1488 cum
1149 1454 1419 1498 Atmosphaeris

158 1508 326 1542 aethereis
345 1508 392 1542 ad
410 1515 579 1542 naturam
598 1508 675 1552 ejus
697 1509 883 1542 radiorum
907 1510 1072 1543 excitatis
1097 1521 1161 1554 per
1184 1520 1418 1543 communem

158 1564 232 1597 vim
250 1564 445 1597 radiationi
470 1561 831 1608 correspondentem,
851 1565 882 1598 δε
909 1565 1013 1609 quasi
1040 1576 1105 1609 per
1130 1565 1418 1607 Animation'em,

157 1619 383 1660 exsuscitat;
411 1619 551 1663 absque
577 1619 639 1653 tali
664 1620 803 1663 origine
827 1626 961 1662 motus,
984 1620 1064 1654 haec
1091 1621 1230 1664 Magna
1256 1618 1419 1663 Corpora

157 1673 445 1718 haudquaquam
464 1674 500 1707 in
518 1685 626 1718 gyros
645 1674 782 1708 circum
802 1674 922 1719 ipsum
941 1686 1047 1708 suum
1071 1674 1210 1708 fontem
1233 1682 1309 1708 tam
1334 1686 1419 1708 con—

158 1734 298 1762 stanter
329 1728 562 1762 volverentur
577 1741 584 1769 ;
623 1740 667 1763 ex
699 1729 838 1762 viribus
873 1730 1155 1773 particularibus
1185 1730 1335 1763 resultat
1364 1729 1419 1763 vis

158 1783 375 1825 communis,
395 1783 488 1817 sicut
508 1784 763 1828 Compositum
782 1795 803 1817 a
825 1784 899 1817 suis
924 1784 1163 1828 simplicibus,
1182 1796 1336 1829 quorum
1363 1792 1418 1819 est

156 1844 408 1881 aggregatum.
462 1839 617 1882 Insuper
646 1839 758 1873 etiam
790 1840 908 1873 Orbes
935 1839 1026 1873 istos
1052 1840 1213 1873 Lumine
1238 1840 1419 1882 z'lllsslrczl,

157 1903 256 1935 nam,
270 1898 308 1926 ut
324 1892 463 1926 dictum
478 1900 544 1935 est,
558 1893 649 1927 radii
664 1894 741 1938 ejus
757 1905 881 1928 secum
896 1900 972 1928 tam
991 1895 1131 1929 calores
1150 1906 1260 1939 quam
1278 1895 1418 1929 lumina

157 1947 296 1989 ferunt;
323 1948 389 1981 sed
401 1948 480 1982 haec
494 1949 695 1982 secundum
708 1950 806 1982 solas
818 1950 1031 1984 altitudines
1045 1962 1153 1994 super
1166 1951 1415 1993 Horizontem,

157 2002 190 2036 δε
208 2003 411 2036 secundum
430 2003 636 2047 distantias,
651 2015 717 2037 nec
736 2004 823 2038 item
843 2005 1047 2038 secundum
1065 2006 1256 2039 columnas
1270 2006 1364 2039 aeris
1385 2006 1416 2040 Sc

158 2068 262 2091 suam
279 2069 421 2091 moram
440 2059 476 2092 in
497 2059 783 2103 Haemisphaerio
803 2072 808 2093 :
855 2061 911 2094 Ita
934 2061 1031 2094 binae
1049 2069 1189 2094 naturae
1207 2062 1319 2095 radiis
1337 2062 1416 2106 ejus

157 2113 293 2155 insunt,
311 2113 404 2147 adeo
423 2113 618 2156 distinctae,
637 2121 675 2148 ut
694 2126 767 2148 una
784 2115 925 2159 absque
943 2116 1057 2150 altera
1081 2117 1211 2150 existat
1228 2129 1234 2156 ;
1262 2117 1354 2150 sicut
1378 2117 1415 2150 in

156 2168 279 2201 media
296 2168 438 2212 hyeme,
457 2170 606 2213 quando
627 2170 689 2203 Sol
707 2176 810 2203 tanta
828 2170 941 2213 fulget
959 2171 1050 2213 luce,
1066 2172 1204 2215 quanta
1223 2182 1267 2205 ex
1285 2171 1415 2205 eodem

157 2223 360 2257 altitudinis
374 2223 489 2266 gradu
504 2224 541 2257 in
555 2225 677 2258 media
691 2225 856 2265 AEstate3
883 2225 967 2258 huic
982 2225 1059 2269 ejus
1079 2227 1231 2259 Naturae
1245 2227 1415 2270 opposita

158 2284 212 2311 est
243 2278 396 2317 Umbra,
426 2279 529 2312 alteri
559 2291 645 2313 vero
676 2280 806 2324 Frigus
824 2293 830 2321 ;
866 2292 932 2325 per
961 2281 1101 2315 Lumen
1128 2293 1233 2316 suum
1260 2282 1415 2316 illustrat

158 2332 219 2367 illa
237 2344 319 2378 quae
338 2334 459 2369 calore
476 2335 657 2379 producit,
676 2341 714 2370 ut
729 2335 766 2369 in
784 2335 903 2370 visum
921 2343 1087 2371 nostrum
1106 2337 1251 2371 cadant.
