1835 2672
359 140 402 175 50
574 131 757 165 CAPUT
785 131 1102 176 SECUNDUM,
1137 131 1331 166 SECTJO
1363 132 1393 166 J.

358 229 536 269 arbitria
567 229 761 271 Summae
791 230 967 280 Mentis,
997 230 1036 271 &
1064 230 1120 271 ad
1150 229 1290 270 officia
1318 228 1446 282 hujus
1472 241 1517 269 se
1545 241 1614 269 ac-

358 299 700 340 commodarent.

418 377 480 419 37.
515 368 608 408 Nec
636 367 776 408 solum
807 369 977 409 Natura
1005 368 1209 408 omnibus
1236 367 1323 407 suis
1351 365 1616 419 adjumentis

359 443 520 489 praesto
542 443 645 485 erat,
665 437 703 477 &
726 437 1002 485 asserviebat,
1019 451 1167 477 verum
1191 437 1323 477 etiam
1348 435 1515 476 Caelum
1538 436 1616 475 sua

359 507 592 557 praesentia
606 505 800 556 favebat3
824 505 952 558 hujus
967 506 1081 546 enirn
1100 506 1337 559 Indigenae,
1353 518 1427 544 seu
1443 504 1617 544 Mentes

362 573 629 626 spirituales,
652 574 695 614 in
717 574 809 627 ejus
831 574 1017 627 gratiam
1041 574 1241 615 demissae
1264 580 1374 621 sunt,
1397 579 1445 613 ut
1466 585 1616 613 secun-

360 646 525 691 darent,
545 643 582 683 &
601 649 767 683 naturae
785 643 925 683 officia
943 643 1199 696 dirigerent3
1225 648 1318 682 tum
1337 642 1469 682 etiam
1487 647 1534 681 ut
1551 655 1616 681 ar-

360 717 516 761 cerent,
535 725 589 751 ne
604 712 836 764 quicquam
861 711 1029 751 Lucum
1046 711 1161 751 hunc
1178 725 1348 751 sacrum
1369 710 1592 750 infestaret
1611 726 1618 750 1

362 780 485 820 Illico
518 780 644 828 enim,
680 786 728 820 ut
762 779 1023 820 Animantia
1060 779 1150 820 fera
1185 780 1406 832 signatum
1443 779 1499 819 ab
1535 778 1618 818 illis

361 849 544 889 limitem
582 846 953 897 transcenderent,
990 849 1168 901 inopino
1208 855 1368 889 terrore
1407 847 1616 901 perculsa,

361 918 492 970 longe
514 918 556 957 in
579 917 716 958 saltus
738 931 839 958 suos
859 917 1139 970 aufugerunt;
1171 923 1246 958 aut
1264 918 1395 957 etiam
1413 916 1618 957 succiduo

361 986 539 1040 poplite,
557 987 668 1026 sicut
692 986 937 1039 Principem
961 986 998 1026 &
1023 986 1264 1025 Dominum
1287 999 1424 1033 suum,
1442 998 1618 1025 venera-

361 1062 469 1105 tura,
493 1057 535 1096 in
563 1070 707 1109 genua
735 1056 1085 1109 procubuerunt;
1116 1069 1215 1109 pars
1247 1056 1379 1096 etiam
1409 1055 1618 1095 excubias

362 1125 565 1177 agebant,
582 1125 619 1166 ἃ
638 1139 661 1166 e
683 1125 922 1178 longinquo
945 1125 1087 1178 ipsum
1110 1125 1279 1165 aditum
1301 1123 1617 1164 custodiebant.

364 1193 486 1233 Purae
509 1194 625 1234 enim
647 1194 862 1234 Essentiae
886 1193 1144 1247 Spirituales
1167 1194 1227 1233 ita
1255 1193 1425 1233 animos
1453 1198 1619 1233 naturae

363 1263 662 1316 emancipitos,
681 1277 737 1303 ex
755 1263 848 1303 sola
867 1277 892 1303 a
914 1276 960 1303 se
983 1263 1256 1303 redundante
1277 1262 1475 1315 potentia
1495 1275 1546 1302 ac
1566 1261 1620 1311 vi,

363 1337 540 1371 movent
563 1331 601 1371 &
623 1331 876 1384 percellunt,
900 1337 947 1372 ut
970 1331 1107 1384 ignari
1131 1331 1169 1371 ἃ
1191 1332 1379 1384 impotes
1404 1331 1447 1370 in
1476 1336 1621 1370 motus

362 1412 448 1439 non
471 1413 572 1439 suos
594 1407 731 1441 ruant.

422 1469 486 1519 38.
521 1468 683 1510 Omnia
699 1468 792 1521 jam
815 1474 1028 1522 apparata
1050 1475 1192 1519 erant;
1215 1482 1360 1508 ramus
1378 1468 1621 1521 parturiens

362 1538 603 1578 secundum
624 1543 824 1590 tempora
840 1537 1108 1590 gestationis,
1126 1551 1172 1577 se
1193 1551 1271 1590 per
1285 1537 1457 1590 gradus,
1474 1550 1622 1577 versus

363 1606 559 1656 humum,
605 1606 839 1655 declinans,
886 1606 1065 1646 tandem
1116 1606 1392 1646 subinstratae
1440 1605 1621 1658 spondae

364 1689 490 1716 suum
540 1689 649 1716 onus
697 1674 936 1728 inaptabat.
1017 1674 1226 1715 Caelestes
1265 1674 1393 1725 Vitae,
1436 1673 1623 1715 candida

366 1747 537 1786 amictae
561 1744 687 1793 nube,
707 1744 840 1784 etiam
863 1743 1110 1792 adstabant,
1129 1742 1167 1783 &
1190 1742 1296 1783 nihil
1316 1742 1621 1791 intermissum,

367 1815 441 1855 sed
483 1815 629 1854 omnia
672 1813 853 1866 provisis
892 1812 1183 1861 conformiter,
1221 1812 1259 1853 &
1300 1811 1559 1865 obsequiose
1599 1825 1624 1851 a

368 1884 533 1932 natura,
572 1888 774 1922 accurata
811 1895 915 1931 esse,
951 1881 1240 1922 inveniebant.
1303 1880 1421 1920 Hinc
1456 1880 1624 1920 exactis

368 1952 602 1999 mensibus,
616 1951 708 2003 jam
731 1950 917 1990 totidem
935 1949 1070 1997 annis,
1089 1949 1252 1999 Foetus,
1267 1948 1395 2001 hujus
1417 1948 1506 1998 fati,
1520 1962 1621 1988 nam

369 2022 423 2062 ad
460 2020 542 2061 hoc
579 2033 705 2060 suum
743 2025 913 2059 stamen
945 2018 1223 2071 perduxerat,
1254 2017 1420 2070 optime
1450 2029 1622 2069 gnarus,

367 2093 458 2144 ipse
480 2091 543 2130 sui
567 2089 741 2129 claustri
765 2088 1011 2140 compedes,
1030 2087 1067 2128 ἃ
1091 2086 1310 2139 repagula,
1332 2085 1622 2138 diffringebat,

368 2173 500 2212 seque
518 2159 611 2198 nisu
630 2172 719 2206 suo,
736 2158 777 2197 in
797 2157 1008 2202 mundum
1026 2156 1142 2196 hunc
1158 2155 1337 2207 ejusque
1356 2154 1622 2203 Paradisum,

367 2244 391 2268 a
418 2228 566 2281 primis
595 2228 696 2267 vitae
726 2239 814 2266 suae
845 2225 1079 2265 momentis
1110 2224 1414 2272 desideratum,
1438 2236 1624 2276 exurge·

366 2299 466 2347 bat;
501 2296 538 2337 ἃ
560 2295 758 2350 protinus
781 2294 943 2334 Aerem
967 2293 1049 2334 levi
1075 2292 1224 2333 osculo
1252 2291 1500 2340 salutatum,
1523 2290 1561 2331 81
1582 2291 1622 2330 vi

1812 2027 1820 2187 m-aJ-..v-..
