1835 2672
396 167 436 191 12
653 158 835 194 CAPUT
863 159 1100 204 PRIMUM,
1139 160 1333 195 SECTIO
1366 161 1397 195 J.

391 254 553 294 circum
578 254 738 303 Solem,
757 256 885 296 simul
903 257 1035 297 etiam
1059 257 1220 298 circum
1244 258 1386 298 Moles
1408 257 1501 311 ejus
1525 257 1656 307 fusus,

391 322 471 362 has
508 324 691 364 involvit
725 326 847 377 quasi
882 326 1025 366 fasciis
1062 332 1137 366 aut
1174 327 1310 379 spiris,
1349 326 1387 366 ἃ
1425 327 1658 368 mobilitati

392 390 581 442 cujusvis
598 393 892 434 conformibus
910 395 1205 435 circumduxit
1224 394 1426 447 sphaeris;
1449 395 1491 434 in
1504 394 1658 434 harum

393 459 652 512 Peripheriis
703 463 848 515 posuit
890 463 1124 513 Verticem‚
1167 477 1298 516 quem
1342 465 1386 503 in
1425 469 1659 516 perpetuos

391 529 530 568 traxit
552 529 689 580 orbes,
714 530 750 571 ἃ
773 531 830 571 ab
853 531 936 571 illis
958 532 1131 584 gyravit
1156 532 1378 581 Centrum,
1401 532 1468 572 cui
1492 531 1658 572 Molem

392 597 618 651 implicuit.
696 599 805 640 Inde
847 600 1023 649 factum,
1066 607 1114 641 ut
1157 601 1352 654 Corpora
1394 601 1477 641 ista
1518 600 1660 641 adhuc

393 665 538 712 fluida.
564 667 601 707 &
624 668 735 708 sicut
763 668 1115 722 colliquamenta,
1140 684 1196 710 ex
1223 671 1378 709 virium
1409 676 1475 710 tot
1504 670 1660 710 centri-

393 737 639 787 petentium
662 751 873 778 concursu
897 738 1183 778 orbicularem
1209 739 1429 778 induerint
1458 738 1660 791 formam.

396 804 457 844 Hi
486 804 578 857 jam
613 806 753 847 Orbes
786 807 900 857 facti,
932 806 970 847 &
1004 813 1216 860 tanquam
1249 807 1408 847 nullius
1440 807 1659 860 ponderis,

393 874 496 926 quia
518 875 560 914 in
586 874 768 925 Centris,
791 890 815 916 a
838 876 1097 916 circumfuso
1120 876 1282 916 aethere
1303 876 1416 917 vecti
1444 876 1482 916 &
1511 876 1661 925 voluti,

392 943 582 995 primum
598 945 759 984 circum
777 945 924 986 Solem
942 951 1112 998 reptare
1132 944 1169 984 δέ
1187 945 1348 998 gradiri
1366 951 1662 997 occoeperunt,

394 1011 432 1051 &
457 1025 575 1061 mOX,
591 1013 702 1053 sicut
721 1013 927 1062 Infantes,
947 1013 1124 1053 choreas
1147 1013 1315 1063 ducere,
1341 1013 1379 1053 &
1400 1013 1662 1066 tripudiare;

394 1079 433 1119 ἃ
456 1094 533 1133 per
555 1082 662 1121 citas
684 1095 735 1121 ac
757 1082 908 1122 breves
935 1082 1210 1122 circuitiones
1240 1083 1463 1135 inceptare
1491 1082 1663 1133 Annos,

395 1147 432 1188 ἃ
457 1156 600 1190 rotare
624 1151 741 1200 Dies,
766 1150 803 1190 ἃ
827 1151 887 1190 sic
909 1151 1132 1204 Tempora
1154 1164 1232 1191 sua
1255 1151 1374 1191 inire.

459 1230 472 1257 Ι
488 1230 518 1259 1.
553 1218 702 1271 Quum
724 1219 766 1259 hi
792 1219 1019 1260 Glomeres
1041 1220 1202 1259 circum
1227 1218 1377 1260 Solem
1403 1219 1496 1272 jam
1520 1220 1562 1259 in
1586 1233 1663 1260 sua

394 1288 535 1340 prima
554 1288 776 1341 Tempora
793 1294 1056 1341 raperentur,
1076 1288 1113 1328 ἃ
1132 1302 1209 1341 per
1224 1288 1407 1328 festinos
1424 1289 1663 1341 brevesque

395 1357 599 1397 circuitus
641 1371 786 1397 annua
821 1371 900 1397 sua
933 1357 1198 1397 conficerent
1232 1357 1385 1410 spatia,
1420 1357 1663 1397 secundum

395 1433 630 1480 perpetuos
662 1427 904 1480 Corporum
940 1426 1191 1467 Caelestiuni
1229 1440 1371 1479 gyros,
1405 1427 1447 1466 in
1480 1427 1662 1466 modum

396 1497 605 1536 currentis
627 1496 777 1536 helicis
800 1502 876 1536 aut
892 1496 1066 1545 volutae,
1085 1510 1131 1536 se
1153 1509 1329 1548 quoque
1347 1502 1596 1536 extrorsum
1619 1495 1663 1535 in

397 1579 532 1605 novas
573 1565 840 1618 peripherias
889 1565 1195 1617 conjiciebant,
1239 1564 1277 1604 ἃ
1320 1565 1380 1604 sic
1420 1578 1497 1617 per
1535 1564 1665 1617 spirae

397 1633 579 1674 aemulos
601 1648 809 1674 excursus
831 1648 855 1674 a
880 1634 1053 1682 Centro,
1073 1633 1111 1673 &
1134 1634 1263 1673 simul
1286 1647 1311 1673 a
1334 1633 1602 1673 calidissimo
1625 1632 1664 1673 δι

397 1703 591 1743 fervente
615 1703 754 1743 Patris
777 1703 882 1752 sinu,
907 1703 983 1742 sed
1007 1703 1280 1756 pedetentim
1305 1701 1342 1742 ἃ
1374 1702 1502 1752 lente,
1526 1715 1572 1742 se
1601 1715 1665 1741 re-

398 1848 473 1870 non
492 1836 650 1879 aliunde,
669 1847 780 1881 quam
799 1847 841 1870 ex
858 1835 990 1870 eodem
1008 1835 1188 1880 principio
1207 1841 1270 1869 aut
1287 1835 1400 1878 fonte,
1419 1841 1540 1869 ortum
1558 1845 1665 1868 suum

399 1892 534 1926 ducere
552 1893 694 1936 potuit3
721 1892 791 1926 nisi
815 1903 859 1926 ex
881 1892 1014 1926 eodem
1039 1891 1071 1925 ἃ
1094 1903 1179 1933 uno,
1198 1891 1291 1925 ratio
1318 1890 1665 1925 concordantiamm

399 1947 520 1981 omnis
546 1949 687 1991 periret.
757 1948 870 1992 Sique
897 1947 1088 1981 AEtherem
1115 1947 1216 1979 illurn
1243 1957 1286 1979 ex
1311 1945 1566 1990 phaenomenis
1592 1945 1665 1978 lus—

399 2009 550 2046 tramus,
566 2014 638 2037 non
657 2002 749 2037 alius
764 2010 905 2036 naturae
920 2009 986 2044 est,
1002 2013 1114 2046 quam
1130 2001 1432 2043 substantiarum,
1447 2011 1530 2044 quae
1545 2000 1665 2044 ipsum

400 2058 522 2092 focum
550 2059 718 2093 Solarem
744 2059 904 2092 excitant
925 2070 931 2091 z
962 2069 1029 2092 nec
1055 2057 1148 2090 alius
1176 2057 1315 2100 formae,
1335 2067 1447 2100 quam
1472 2055 1509 2089 in
1535 2056 1667 2089 natura

401 2125 595 2159 supremae,
624 2126 706 2158 quae
737 2125 847 2158 supra
878 2113 1045 2147 Caelestis
1075 2118 1208 2146 vocata
1238 2118 1316 2152 est3
1356 2111 1421 2144 sed
1449 2110 1666 2145 substantiae

401 2170 474 2204 illae
501 2170 550 2203 ita
577 2170 696 2203 solum
723 2180 742 2203 e
768 2180 863 2202 novo
891 2168 1142 2209 conformatae,
1161 2173 1198 2200 ut
1226 2166 1311 2200 dein
1338 2165 1460 2199 radios
1487 2166 1541 2199 sui
1569 2165 1666 2200 Solis

401 2225 621 2270 exciperent,
652 2226 683 2258 ὃς
712 2231 885 2268 exceptos
915 2223 963 2256 ad
992 2223 1140 2256 ultimos
1175 2220 1346 2256 Universi
1377 2220 1513 2254 limites
1547 2227 1666 2254 trans—

401 2277 562 2317 ferrent3
590 2277 671 2311 ideo
695 2288 739 2311 ex
765 2277 914 2310 fornace
939 2275 1016 2319 ejus
1043 2274 1303 2309 ardentissima
1327 2274 1364 2307 in
1382 2274 1439 2307 his
1455 2273 1665 2318 primordiis

402 2345 477 2368 non
496 2334 630 2377 radius,
650 2333 712 2367 sed
733 2332 880 2374 halitus,
901 2331 937 2365 id
955 2338 1022 2375 est,
1041 2330 1118 2375 ejus
1137 2329 1303 2373 materia,
1321 2329 1485 2373 erupisse
1503 2329 1646 2363 dicitur.
