1783 2760
390 151 468 186 DE
498 152 771 186 JNFANTJA
807 152 1189 189 PRIMOGENJTJ.
1370 153 1413 196 87

168 249 278 290 sicut
311 264 368 290 ex
404 250 557 289 intima
592 250 719 298 meta,
754 255 828 290 aut
865 250 1038 299 Centro,
1075 251 1221 290 omnia
1257 257 1415 291 caetera

167 317 462 370 contemplor;
500 331 600 357 nam
637 318 759 370 quasi
793 331 869 370 per
901 324 1155 358 transennas
1188 321 1412 371 perspicio,

113 429 117 433 ,
168 386 284 437 quod
314 385 417 427 nihil
447 399 533 425 non
562 385 617 425 ad
648 386 874 426 Bonitates
902 400 947 426 se
975 387 1152 437 referat3
1182 387 1264 427 hoc
1294 401 1415 428 meus

169 453 430 502 Intellectus,
445 454 675 503 VeritateS,
694 453 731 493 ἃ
750 468 847 506 quae
864 455 918 494 ad
936 454 1014 494 has
1037 455 1193 495 iterum
1215 456 1413 504 tendunt,

170 521 381 562 Scientias
404 521 441 562 ἃ
465 522 784 575 ΕΧρει·ἰεηῒίειε,
800 523 1003 576 appellat.
1048 522 1134 564 Sed
1155 522 1249 563 haec
1268 524 1415 563 omnia

166 654 308 688 interno
325 666 434 689 sensu
451 655 629 699 potuisset
647 667 880 700 cognoscere,
898 656 935 689 id
957 656 1045 690 satis
1068 656 1256 691 evidenter
1279 668 1322 691 ex
1344 657 1414 691 for-

166 709 328 743 matione
351 709 428 754 ejus
455 710 603 753 Mentis,
628 722 692 754 per
714 710 812 744 viam
835 722 857 744 a
879 711 990 755 priori
1013 711 1060 745 ad
1084 712 1297 755 posteriora,
1317 712 1415 755 cluit,

165 774 283 809 exque
313 766 444 807 causis,
474 776 556 810 quae
589 766 625 799 in
655 777 722 799 sua
755 766 847 800 serie
880 773 1102 811 sequuntur3
1140 778 1227 800 nam
1260 778 1415 811 quorum

169 820 314 854 Mentes
344 820 378 853 in
408 821 545 854 Amore
575 821 733 865 supremi
763 821 900 864 vivunt,
930 833 1005 855 non
1034 822 1152 855 solum
1181 822 1319 863 vident,
1349 822 1415 856 sed

165 874 276 908 etiam
303 875 474 919 sentiunt,
500 876 576 920 ejus
605 876 816 916 Bonitatum
841 876 1064 919 affectiones,
1091 877 1123 910 ἃ
1149 883 1416 921 consequenter

167 929 397 963 Intellectum
415 941 521 963 suum
539 931 796 965 aVeritatibus
814 931 1005 975 perspicue
1019 931 1262 965 illuminatum
1278 943 1284 965 :
1302 943 1415 976 quare

166 995 209 1018 ex
241 996 350 1018 sensu
380 985 552 1019 bonitatis
582 986 658 1019 fluit
689 987 849 1029 cognitio
879 986 1042 1020 omnium
1070 987 1288 1028 veritatum3
1326 998 1414 1020 nam

164 1039 264 1083 quod
289 1050 355 1073 nos
378 1040 560 1073 Veritates
587 1052 651 1084 per
674 1041 936 1085 experientiam
965 1042 1146 1075 Sensuum
1173 1041 1205 1074 &
1233 1041 1414 1076 Scientias

165 1095 385 1138 investigare
408 1101 609 1137 teneamur,
630 1102 685 1129 est
710 1096 827 1139 unice,
847 1102 886 1130 ut
912 1107 977 1140 per
1002 1096 1082 1129 illas
1108 1096 1266 1140 denique
1292 1097 1413 1140 explo-

165 1155 288 1183 rentur
314 1149 513 1193 Bonitates,
540 1161 603 1184 seu
630 1151 783 1193 Bonum,
810 1151 918 1196 quale
944 1151 1001 1194 sit,
1022 1162 1111 1184 num
1135 1152 1231 1185 Vere
1258 1152 1413 1195 Bonum,

164 1204 221 1237 vel
239 1210 456 1248 apparenter
473 1211 534 1238 aut
552 1204 641 1239 false
662 1206 818 1247 Bonum,
836 1217 899 1239 seu
920 1206 1063 1239 Malum
1081 1206 1149 1239 sub
1167 1206 1288 1249 specie
1308 1206 1413 1249 Boni,

165 1258 253 1302 quid
281 1258 424 1301 Melius,
450 1259 482 1292 ἃ
508 1259 655 1293 demum
681 1260 768 1304 quid
795 1260 998 1304 Optimum,
1024 1260 1076 1294 sic
1102 1261 1333 1304 eligendum:
1365 1262 1412 1295 ob

162 1313 259 1347 hunc
285 1313 394 1347 finem
421 1314 545 1348 donati
571 1326 695 1348 sumus
725 1316 938 1357 Intellectu;
964 1322 1003 1349 at
1027 1327 1114 1350 vero
1136 1316 1197 1360 qui
1223 1317 1412 1351 Bonitates

163 1369 365 1412 superiores
384 1369 512 1403 intimo
532 1381 639 1404 sensu
658 1370 765 1415 capit,
781 1370 811 1404 is
829 1382 902 1404 non
922 1371 1123 1415 spatiosum
1142 1371 1242 1404 illum
1262 1371 1412 1415 indaga-

163 1423 272 1457 tionis
290 1435 472 1468 campum,
490 1435 553 1458 seu
571 1436 635 1469 per
651 1426 839 1468 congeries
857 1426 1063 1467 veritatum,
1082 1437 1301 1470 percurrere,
1320 1438 1411 1470 opus

162 1478 284 1521 habet,
308 1479 393 1523 quia
418 1486 472 1512 est
497 1479 535 1512 in
561 1480 769 1523 cognitione
794 1480 909 1524 ipsius
936 1480 1130 1522 Bonitatis,
1155 1491 1219 1514 seu
1244 1481 1348 1525 quasi
1374 1482 1412 1515 in

161 1533 270 1577 meta,
286 1545 306 1568 e
324 1534 395 1578 qua
413 1540 529 1568 totum
547 1546 652 1569 suum
671 1546 842 1580 campum
856 1536 929 1570 late
943 1536 1232 1580 circumspicere,
1249 1537 1280 1570 &
1298 1537 1412 1572 libere

162 1589 402 1633 contemplari
419 1596 557 1634 potest:
584 1590 777 1635 siquidem,
792 1597 830 1625 ut
849 1591 987 1625 dictum
1005 1598 1071 1634 est,
1086 1603 1213 1625 omnes
1228 1592 1411 1627 Veritates

163 1654 202 1677 se
223 1643 260 1676 in
287 1644 457 1678 Bonitate
482 1652 730 1689 concentrant,
748 1646 901 1690 proinde
926 1657 949 1680 a
973 1646 1138 1680 bonitate
1162 1652 1201 1680 ut
1226 1658 1248 1680 a
1273 1654 1410 1690 centro,

162 1697 267 1742 quasi
300 1698 337 1731 in
369 1699 604 1742 peripherias‚
634 1711 672 1733 se
701 1700 924 1744 expandunt.
988 1701 1075 1734 Post
1107 1701 1231 1734 Status
1260 1701 1411 1734 humani

162 1752 418 1795 inversionem,
436 1754 482 1787 de
507 1754 579 1798 qua
599 1755 702 1798 infra,
721 1766 785 1799 per
810 1755 965 1799 lapsum,
983 1755 1064 1789 haec
1092 1755 1303 1789 Bonitatum
1330 1767 1411 1790 sen-

162 1807 268 1850 satio,
284 1818 358 1841 non
375 1808 492 1851 potuit
515 1820 601 1851 non,
619 1809 735 1853 qualis
754 1809 820 1844 fuit
843 1810 879 1842 in
905 1810 1165 1853 Primogenito,
1184 1811 1386 1845 cessavisse
1403 1824 1410 1846 :

162 1873 277 1905 usque
304 1868 427 1897 tamen
459 1863 586 1897 similis
621 1864 789 1898 sensibus
822 1865 956 1898 nostris
987 1865 1155 1907 externis,
1183 1876 1309 1899 verum
1336 1877 1411 1900 non

164 1917 377 1951 Bonitatum
397 1919 593 1952 Moralium
617 1919 649 1953 Sc
674 1919 934 1963 Spiritualium,
954 1920 1018 1954 sed
1043 1920 1154 1953 modo
1179 1921 1411 1964 quarundam

165 1973 407 2015 Naturalium,
427 1974 682 2008 connascitur:
724 1974 832 2008 Auris
858 1975 967 2018 enim,
991 1975 1224 2019 quantumvis
1251 1975 1410 2019 indocta,

163 2027 404 2071 apprehendit
430 2028 462 2062 ὃς
488 2029 668 2063 subsentit
693 2029 985 2064 modulaminum
1010 2041 1191 2073 numeros,
1211 2036 1410 2065 concentus

163 2082 196 2116 ἃ
212 2083 338 2126 melos,
352 2094 439 2116 nam
457 2084 600 2118 animus
618 2084 715 2119 illico
735 2085 993 2119 convenienter
1009 2085 1184 2120 afficitur:
1211 2086 1349 2120 Oculus
1367 2097 1410 2120 ex

163 2148 203 2171 se
222 2137 469 2172 formositates
493 2145 644 2181 naturae,
663 2139 694 2173 Sc
717 2150 901 2173 connexus
920 2151 1039 2174 rerum
1056 2141 1281 2184 objectarum
1299 2152 1410 2175 conn-

163 2192 291 2225 cinnos
309 2192 341 2226 δε
358 2192 616 2228 harmonicos:
661 2194 800 2237 Lingua
824 2194 985 2228 edulium
1010 2195 1042 2229 ἃ
1067 2195 1224 2229 nectaris
1248 2196 1409 2239 gratias:

165 2246 284 2280 Nares
301 2246 519 2290 fragrantias
536 2259 542 2281 :
569 2248 617 2282 ab
634 2248 769 2282 Anima
787 2249 895 2292 enim,
913 2249 961 2283 ad
979 2260 1088 2294 quarn
1107 2250 1225 2283 omnis
1249 2250 1409 2284 sensatio

163 2300 291 2344 influit,
309 2302 394 2346 quia
417 2301 478 2336 illa
503 2303 540 2337 in
565 2303 689 2337 omnia
713 2315 778 2348 per
800 2304 910 2338 fibras
933 2315 1018 2339 suas
1040 2304 1165 2348 effluit,
1184 2304 1221 2338 id
1247 2305 1408 2347 resultat,
