1783 2760
378 162 457 197 DE
488 160 760 196 JNFANTIA
795 161 1177 196 PRIMOGENJTJ.
1359 162 1399 196 81

154 259 309 301 vocula
330 260 385 300 de
406 272 614 308 sermone,
633 271 762 311 quem
786 259 942 298 Parens
965 264 1112 298 nostra
1130 272 1186 298 ex
1208 258 1402 311 piissimo

156 342 234 369 suo
256 343 329 369 ore
349 329 392 368 in
414 334 591 381 pectora
611 333 754 367 vestra
775 327 943 385 infudit,
959 333 1117 379 praeter
1137 340 1256 366 meas
1279 341 1403 367 aures

157 397 280 449 lapsa
301 397 365 446 sit,
386 396 423 436 ἃ
445 396 563 448 quod
581 409 667 435 non
689 396 912 435 introitum
934 400 1124 435 vestrum
1148 395 1188 434 in
1214 395 1401 445 Curiam,

157 467 300 518 ipsum
342 466 473 505 etiam
509 450 678 504 sacrum
716 464 892 512 Focum,
932 463 969 504 δε
1003 470 1146 503 vestra
1183 464 1402 513 libamina,

157 534 293 573 oculis
315 534 421 573 meis
443 533 672 581 emissitiiS,
694 533 996 584 conspexerim
1016 546 1025 581 ;
1058 532 1162 571 nihil
1192 534 1307 572 enim
1335 546 1405 573 me

158 602 214 642 de
234 602 386 641 vestris
407 602 608 654 cogitatis
631 601 752 653 fugit,
770 614 871 640 nam
888 601 991 640 estis
1007 602 1049 640 in
1074 614 1171 640 meo
1190 601 1405 653 Olympo;

159 683 289 722 quem
322 683 419 710 mea
442 670 488 710 ’ἃ
517 676 659 709 vestra
691 669 834 708 Mater
866 669 987 709 vobis
1022 669 1206 716 addixit,
1243 669 1280 709 ἃ
1315 671 1406 710 Vos

159 739 498 797 consecravisti,
515 739 570 778 sit
592 744 743 785 ratum,
762 737 853 789 ejus
869 737 990 789 jussa
1014 737 1051 778 &
1073 738 1258 786 decreta,
1275 739 1406 778 etiam

160 820 255 859 ego,
273 813 320 847 ut
342 820 472 854 sacra,
490 820 669 846 veneror
691 805 728 845 δε
750 805 979 855 confirmo,
1012 806 1054 844 in
1076 819 1126 845 eo
1149 806 1233 846 sint
1253 813 1408 846 vestrae

160 876 295 923 sedes,
314 875 526 915 sociemus
548 875 679 914 etiam
701 873 869 921 cubilia,
889 887 990 913 nam
1011 874 1249 914 Vobiscum
1272 875 1407 914 vitam

162 957 305 983 meam
326 943 480 990 vivere,
497 943 538 982 in
562 943 755 982 animum
778 942 956 991 induXi;
990 942 1093 982 mihi
1117 943 1220 982 nihil
1243 943 1409 983 dulcius

161 1011 253 1059 erit,
278 1025 409 1063 quam
432 1011 539 1050 scita
561 1010 598 1049 δε
622 1011 809 1050 rationes
836 1023 943 1049 meae
971 1011 1072 1049 vitae
1101 1024 1157 1050 ex
1187 1011 1409 1051 Mentibus

162 1080 315 1119 vestris
332 1079 487 1118 ducere
506 1093 514 1128 ;
545 1079 729 1130 primam
753 1079 867 1117 enim
890 1092 915 1118 a
938 1078 1080 1117 Matre
1103 1080 1209 1127 mea,
1229 1079 1409 1119 alteram
1464 1127 1468 1131 .

163 1161 189 1187 a
219 1147 341 1187 vobis
370 1146 520 1196 traho3
553 1146 665 1186 illius
695 1152 770 1194 est,
799 1146 916 1198 quod
947 1146 1090 1186 vivam
1123 1147 1160 1187 ἃ
1191 1148 1408 1200 respirem,

163 1215 294 1255 vestri
330 1221 476 1255 autem
508 1215 626 1267 quod
658 1214 824 1267 sapiam
858 1214 895 1254 ἃ
927 1228 1025 1254 cum
1055 1215 1222 1254 ratione
1252 1229 1410 1268 agam;

163 1284 344 1336 proinde
365 1283 486 1323 vobis
509 1289 736 1335 acceptum
757 1282 859 1331 fero,
882 1283 999 1335 quod
1025 1283 1174 1323 Homo
1196 1284 1287 1332 sim,
1311 1298 1411 1324 nam

162 1380 299 1414 Anima
333 1380 472 1424 Corpus
506 1391 611 1413 suum
648 1379 753 1413 struit
772 1391 778 1412 :
818 1379 972 1423 proinde
1013 1380 1216 1414 secundum
1255 1381 1413 1416 eundem

166 1436 331 1469 Mentem
347 1435 442 1468 hanc
462 1434 696 1468 Rationalem
714 1445 777 1468 seu
798 1434 1100 1477 Intellectualem,
1115 1435 1192 1479 jam
1219 1436 1255 1469 in
1275 1436 1413 1469 Primo-

164 1490 289 1533 genito
312 1501 388 1531 suo,
406 1489 576 1523 formavit
598 1500 641 1523 ac
664 1488 897 1530 informavit;
923 1489 1030 1522 simili
1056 1490 1182 1523 ordine
1207 1491 1368 1525 Mundus
1391 1503 1414 1525 a

167 1545 304 1578 Divina
328 1551 390 1578 aut
417 1544 594 1588 Suprema
623 1545 748 1577 Mente
773 1544 942 1577 conditus
968 1550 1032 1578 est.
1084 1545 1227 1578 Exinde
1251 1553 1413 1590 apparet,

165 1599 264 1645 quod
291 1600 400 1633 Mens
426 1599 680 1632 intellectualis
706 1598 851 1641 Adami,
878 1599 966 1632 dum
991 1600 1115 1632 omnia
1140 1611 1161 1633 a
1187 1601 1313 1643 primis
1338 1602 1414 1635 suis

164 1654 338 1698 auspiciis
360 1654 408 1687 ad
431 1654 633 1698 posteriora
656 1654 918 1696 excitabantur,
941 1665 1006 1698 per
1027 1654 1125 1688 viam
1151 1655 1414 1698 Syntheticam,

166 1709 215 1742 ab
232 1709 367 1742 Anima
384 1708 552 1752 primum,
571 1719 612 1741 ac
632 1708 718 1741 dein
735 1719 757 1741 a
781 1708 957 1742 Sensibus
982 1709 1066 1751 suis,
1085 1709 1263 1743 instructa
1285 1710 1389 1745 suerit
1407 1724 1414 1752 3

167 1770 388 1808 quapropter
407 1763 485 1807 jam
508 1763 567 1797 ille
591 1762 723 1797 dicitur
748 1763 952 1797 Intellectui
977 1775 1053 1806 suo,
1072 1775 1135 1797 seu
1162 1765 1415 1808 intelligentiis

167 1819 215 1852 ad
232 1830 315 1852 eum
333 1818 504 1860 venturis,
523 1818 668 1851 obviarn
688 1818 806 1851 ivisse.
848 1818 964 1851 Aliter
981 1818 1017 1851 in
1038 1819 1253 1853 Posteritate
1271 1821 1359 1864 ejus,
1378 1821 1415 1854 in

167 1885 240 1918 qua
267 1874 411 1907 Mentes
432 1873 641 1916 rationales,
660 1884 741 1917 quae
764 1884 910 1916 prorsus
936 1873 1044 1906 nullae
1070 1881 1153 1907 sunt
1179 1874 1214 1907 in
1245 1875 1415 1919 Infantia,

167 1929 324 1973 primum
349 1940 371 1962 a
398 1928 572 1962 Sensibus
599 1928 704 1972 quasi
733 1928 961 1962 exstruendae
990 1939 1053 1961 seu
1082 1930 1290 1972 aperiendae
1321 1938 1416 1974 sunt,

167 1990 364 2028 antequam
388 1983 637 2024 instruuntur;
663 1994 749 2015 nam
772 1993 836 2026 per
857 1989 995 2026 aetates,
1014 1984 1192 2017 beneficio
1218 1985 1416 2030 Experien-

166 2041 239 2082 tiae,
265 2050 347 2083 quae
379 2046 433 2073 est
465 2039 657 2081 Sensuum,
684 2038 715 2071 δὲ
744 2044 872 2082 postea
899 2038 1152 2081 Scientiarurn,
1178 2051 1260 2083 quae
1285 2041 1331 2074 ab
1357 2052 1416 2075 ex—

167 2094 344 2139 perientia
361 2104 533 2128 sensuum
551 2099 738 2137 conceptae
757 2092 788 2126 Sc
807 2093 962 2126 exclusae
980 2100 1074 2136 sunt,
1092 2094 1346 2138 perficiuntur;
1371 2107 1415 2130 ac

167 2161 232 2194 per
249 2150 385 2183 similes
406 2149 540 2192 gradus
564 2148 700 2181 Anima
723 2158 807 2181 cum
831 2158 896 2181 suo
918 2148 1056 2182 lumine
1079 2149 1255 2193 spirituali
1279 2152 1330 2184 eis
1354 2152 1416 2185 ob-

166 2204 264 2237 viam
282 2204 331 2247 fit,
348 2215 391 2238 ac
416 2203 576 2237 infundit
599 2202 814 2246 potentiam,
831 2208 870 2235 ut
893 2203 1065 2246 cogitare,
1078 2203 1255 2247 judicare,
1273 2205 1415 2249 eligere,

168 2259 201 2293 &
221 2259 311 2293 velle
324 2269 515 2303 queamus,
534 2257 643 2302 quod,
662 2263 700 2291 ut
724 2268 834 2301 supra
857 2257 1007 2301 dictum,
1026 2264 1081 2292 est
1098 2259 1333 2294 manifestum
1350 2261 1416 2293 im-

172 2313 405 2358 perfectionis
423 2312 539 2346 nostri
557 2318 672 2346 status
690 2311 845 2355 signum.

778 2379 809 2410 G
