1783 2760
385 170 464 204 DE
494 168 768 204 JNFANTJA
802 169 1182 205 PRJMOGENJTJ.
1367 169 1412 212 83

167 282 341 321 cunque
381 267 538 321 eligere
579 267 617 307 &
658 266 861 319 amplecti
903 280 1081 307 amores.
1164 267 1265 316 Sed,
1308 281 1417 308 meae

169 336 540 378 Contubernales!
587 336 780 376 animum
818 341 986 375 attente
1020 336 1074 375 ad
1110 335 1225 375 dicta
1257 343 1417 376 nostrae

167 404 322 444 Matris
343 405 520 452 adverti,
542 403 659 456 quod
683 404 814 443 modo
838 404 989 443 unicus
1011 404 1067 443 sit
1089 403 1240 451 Amor,
1258 405 1418 456 qui-est

165 473 359 512 omnium
385 472 641 525 principium
671 471 708 511 ἃ
736 471 843 519 finis,
867 477 968 511 sunt
999 471 1114 511 enim
1147 485 1327 511 numero
1357 473 1419 511 in-

165 540 287 590 finiti,
308 540 374 580 his
396 540 528 579 modo
549 540 751 589 fruamur,
775 540 850 579 sed
880 539 951 589 ita,
974 546 1020 580 ut
1049 553 1127 579 nos
1157 540 1211 579 ad
1243 540 1418 580 unicum

164 608 285 649 illum
336 610 509 657 ducant,
551 621 650 648 nam
697 621 722 648 a
764 608 929 660 seipsis,
970 614 1183 660 quantum
1224 608 1326 656 vidi,
1367 607 1418 648 eo

163 677 390 717 collimant
411 691 419 727 ;
450 690 582 729 quare
604 676 708 716 dum
730 676 771 715 in
794 676 877 715 illis
895 676 1048 725 visum,
1066 677 1108 715 in
1130 676 1227 716 Hoc
1251 682 1419 716 mentes

165 746 464 795 detineamus;
497 760 553 785 ex
584 745 666 785 Illo
700 746 815 785 enim
850 751 927 794 est,
950 745 1067 797 quod
1101 746 1237 784 nostri
1271 745 1418 793 simus,

165 820 213 854 ut
233 814 512 854 felicitatibus
535 828 591 854 ex
613 814 780 854 Amore
803 813 894 866 ejus
917 813 1164 863 fluentibus,
1182 819 1228 853 ut
1251 814 1418 863 nostris,

164 882 458 935 perfruamur;
489 888 622 935 utque
653 882 742 930 Ille,
766 883 888 934 quasi
922 882 1136 934 Seipsum,
1163 882 1264 934 quia
1293 896 1417 922 suam

167 949 375 999 Gratiam,
418 952 460 990 in
503 951 626 990 nobis
668 964 744 1003 per
783 956 982 990 mutuum
1024 964 1218 990 amorem
1258 951 1416 991 videat.

166 1019 284 1072 Ergo
318 1020 419 1072 quia
454 1020 564 1058 inter
600 1019 704 1068 Nos,
734 1024 800 1059 tot
837 1018 875 1058 δε
910 1025 1034 1059 tanta
1071 1019 1247 1068 foedera,
1285 1020 1416 1058 inter-

164 1088 336 1135 cedunt,
370 1087 656 1127 indissolubili
689 1088 888 1127 uniamur
917 1087 1116 1137 vinculo;
1148 1101 1282 1139 quare
1312 1087 1416 1136 Vos,

165 1156 340 1195 tametsi
369 1156 512 1208 plures
541 1157 656 1204 estis,
683 1169 768 1195 non
798 1155 985 1207 amplius
1014 1161 1060 1195 ut
1090 1155 1245 1208 plures,
1272 1156 1347 1195 sed
1371 1162 1418 1196 ut

165 1237 308 1272 unam,
340 1224 480 1264 colam
514 1223 551 1264 &
583 1224 858 1276 complectar,
889 1223 926 1263 &
957 1224 1048 1264 Vos
1083 1224 1292 1273 Mentem,
1324 1225 1417 1264 Vos

166 1292 453 1341 Intellectum,
470 1292 508 1333 ἃ
524 1292 617 1332 Vos
632 1292 918 1332 Voluntatem
936 1305 1079 1331 meam
1103 1292 1335 1345 appellabo
1350 1292 1416 1344 (ο).

166 1360 313 1400 Novas
334 1361 465 1401 etiam
490 1359 807 1413 Intelligentias
836 1360 873 1400 &
904 1359 1152 1412 Sapientias
1180 1361 1222 1400 in
1250 1361 1416 1400 Aulam

163 1434 351 1468 vestram
374 1429 658 1477 introducam,
683 1429 742 1468 sic
771 1429 892 1468 novis
922 1429 1149 1468 consortiis
1176 1435 1319 1469 vestra
1342 1429 1418 1469 ob—

163 1497 396 1537 lectamina
432 1497 696 1550 expleturus.
770 1497 854 1537 His
887 1497 1023 1545 dictis,
1058 1510 1143 1537 una
1179 1511 1235 1537 ex
1272 1498 1415 1544 choro,

165 1579 262 1617 quae
291 1566 493 1618 proxima
521 1560 643 1605 sacro
674 1565 790 1605 Foco
818 1566 949 1615 stetit,
975 1565 1178 1618 Insignia‚
1204 1566 1346 1625 Regni
1377 1566 1415 1606 ἃ

167 1632 410 1686 Sceptrum,
426 1647 449 1673 e
465 1634 570 1674 sella
586 1634 785 1683 eburnea,
801 1633 985 1683 sustulit,
1003 1634 1041 1674 ἃ
1057 1634 1414 1684 Adolescentulo,

164 1701 346 1743 decente
368 1701 544 1751 inflexu,
569 1703 787 1754 porrexit;
819 1702 874 1742 ad
898 1701 1067 1743 Solium
1099 1703 1230 1741 etiam
1259 1703 1416 1743 dextra

166 1771 243 1810 sua
273 1784 370 1810 eum
404 1770 601 1818 deduxit,
635 1771 739 1810 dum
773 1770 868 1810 aliae
902 1770 994 1822 ejus
1030 1770 1210 1822 pallium
1246 1771 1283 1811 &
1317 1785 1417 1823 pur-

166 1851 318 1890 puram
354 1839 553 1878 manibus
588 1839 805 1879 sublatam
843 1839 1234 1891 circumaptarent;
1281 1838 1318 1878 &
1356 1839 1415 1879 sic

166 1919 265 1946 eum
287 1912 334 1946 ut
356 1907 594 1960 principem
620 1907 656 1947 ἃ
682 1907 848 1959 Regem
872 1920 997 1946 suum
1018 1912 1235 1947 veneratae
1257 1914 1368 1947 sunt.

214 1989 262 2035 (ο)
290 1992 382 2025 Haec
411 1991 546 2034 omnia,
572 1991 604 2025 δε
633 1998 824 2035 praeterea.
840 1991 913 2033 illa,
938 2002 1021 2035 quae
1047 1991 1083 2024 in
1108 1991 1178 2025 hoc
1207 1992 1336 2036 Capite
1361 2003 1415 2026 se-

165 2052 334 2091 quuntur,
363 2047 510 2090 propria
539 2053 622 2080 sunt
653 2046 785 2080 Generi
818 2047 1003 2089 Humano,
1027 2057 1113 2080 nam
1143 2048 1289 2091 propria
1314 2047 1415 2090 fiunt,

164 2101 251 2145 quia
276 2112 318 2134 ex
346 2102 471 2135 Mente
495 2101 674 2143 rationali,
696 2101 728 2134 δι
753 2100 830 2144 ejus
855 2101 1022 2134 libertate
1047 2101 1242 2145 bonitates,
1260 2103 1414 2146 proinde

165 2167 322 2199 amores,
340 2156 509 2200 eligendi,
527 2156 740 2200 procedunt.
791 2156 833 2189 Id
852 2155 1082 2189 Animalibus
1101 2156 1214 2190 brutis
1233 2168 1306 2190 non
1330 2168 1416 2190 con-

165 2222 310 2245 cessum
327 2219 393 2254 est,
412 2211 497 2255 quia
520 2217 644 2245 carent
672 2211 873 2251 Intellectu‚
892 2222 963 2254 quo
988 2201 1133 2244 Bonum
1157 2211 1189 2245 &
1212 2212 1414 2256 Optimum,

165 2277 229 2299 seu
250 2266 471 2307 Bonitatum,
486 2272 562 2299 tam
582 2265 824 2309 Naturalium,
843 2277 953 2310 quam
974 2266 1172 2300 Moralium
1190 2266 1223 2300 δι
1241 2267 1416 2311 Spiritua—

163 2321 264 2364 lium,
280 2320 415 2365 gradus
433 2321 465 2355 δι
481 2320 703 2355 differentias
721 2320 939 2355 intueantur.
