1783 2760
485 189 562 223 DE
594 186 793 221 AMORE
825 185 1205 221 PRIMOGENITI.
1412 195 1474 229 119

225 299 314 326 rem
337 298 435 326 cum
456 285 543 325 suis
571 284 711 325 causis
740 282 916 331 faciunt,
938 281 976 322 &
1005 281 1238 335 conjuncte
1266 296 1345 333 sua
1375 296 1477 323 con-

223 360 392 395 texunt.
453 354 639 396 Caeleste
661 366 748 393 non
771 352 858 401 dat,
879 356 926 391 ut
953 351 1102 391 videas
1131 350 1304 398 formas,
1326 351 1474 403 quales

223 421 373 462 oculus
403 420 670 469 transmittit,
693 419 769 460 sed
797 418 948 471 quales
978 431 1125 458 earum
1154 431 1255 458 usus
1283 417 1321 458 ἃ
1350 418 1475 459 boni—

223 496 337 530 tates
364 495 489 539 sunt;
532 502 633 529 nam
665 488 733 528 hae
762 493 862 528 sunt
897 486 1014 536 fines,
1042 493 1218 539 propter
1250 500 1359 538 quos
1392 486 1475 527 illae

224 557 386 607 formae,
403 572 490 598 non
507 558 548 597 in
566 557 750 606 Tellure,
769 557 845 596 sed
864 556 906 595 in
926 555 1058 604 Caelo,
1076 555 1300 608 designati.
1346 555 1475 595 Radii

223 625 338 667 illius
374 626 572 667 Luminis
608 631 710 666 sunt
750 624 948 665 similiter
986 624 1181 664 continui
1222 623 1261 664 δι
1301 624 1475 664 discreti

224 694 349 736 Soles
365 693 430 748 (c),
456 700 532 735 aut
559 694 800 734 continuati
829 693 906 732 rivi
935 692 999 732 sui
1028 692 1186 742 fontis;
1229 692 1268 732 &
1297 692 1398 744 quia
1425 705 1476 732 eo

223 763 581 816 intelligentiores
611 762 649 803 &
683 762 968 815 sapientiores
1000 761 1231 809 reddimur,
1259 774 1346 813 quo
1380 760 1476 812 plus

224 832 279 872 ab
316 846 367 872 eo
404 845 481 872 nos
515 832 706 885 patimur
741 831 954 878 illustrari,
988 830 1088 870 inde
1123 830 1326 882 sequitur,
1358 829 1476 882 quod

225 900 395 941 Lumen
424 900 529 940 illud
559 913 646 940 non
677 899 757 939 nisi
790 913 921 952 quam
955 912 980 939 a
1013 897 1115 939 Sole
1146 898 1280 951 ipsius
1312 898 1476 938 Intelli-

223 969 382 1022 gentiae
398 968 435 1009 &
451 968 700 1021 Sapientiae,
715 981 789 1008 seu
805 981 830 1007 a
846 967 1061 1020 Supremo
1076 973 1236 1014 nostro,
1248 967 1476 1006 scaturiat:

223 1044 317 1078 tum
349 1037 466 1090 quod
498 1037 655 1086 omnia,
680 1050 778 1089 quae
810 1036 911 1075 inde
942 1049 1041 1075 suas
1074 1034 1254 1087 Origine
1284 1034 1474 1083 trahunt,

223 1106 420 1146 similiter
450 1120 500 1146 ac
531 1119 629 1158 quae
660 1119 685 1145 a
718 1105 904 1144 Lumine
937 1103 1088 1152 Solari,
1111 1109 1266 1156 typum
1300 1102 1337 1143 δι
1370 1103 1476 1143 ima-

223 1175 369 1228 ginem
403 1173 495 1227 ejus
531 1174 729 1221 referant,
764 1172 966 1225 Eumque
998 1178 1045 1212 ut
1080 1185 1206 1212 suum
1246 1173 1475 1212 Parentem

222 1243 380 1284 colant.
440 1242 485 1283 A
516 1243 646 1282 radiis
678 1241 890 1281 solaribus
921 1240 1053 1280 etiarn
1085 1241 1346 1288 instruimur,
1370 1239 1475 1293 quid

223 1311 351 1364 hujus
387 1310 501 1351 Solis
538 1310 668 1350 radiis
704 1322 878 1362 quoque
914 1309 1036 1358 inest,
1072 1308 1245 1357 scilicet,
1280 1309 1396 1361 quod
1436 1308 1474 1349 δε

225 1380 395 1420 Lumen
418 1379 455 1419 &
480 1378 621 1427 Calor,
643 1377 719 1418 sed
744 1378 914 1417 Lumen
943 1376 1185 1430 Spirituale,
1209 1377 1324 1417 unde
1344 1378 1475 1417 Visus

223 1446 537 1495 intellectualis,
570 1460 644 1486 seu
681 1445 934 1486 Intellectus
969 1445 1083 1494 Veri,
1118 1444 1156 1484 ἃ
1189 1444 1319 1486 Calor
1353 1446 1475 1498 spiri-

221 1516 362 1569 tualis,
402 1529 477 1555 seu
518 1514 670 1563 Amor,
712 1514 827 1554 unde
867 1514 1056 1553 sensatio
1098 1513 1218 1552 Boni.
1293 1514 1476 1566 Insuper

222 1584 356 1624 etiam
385 1584 602 1632 discimus,
624 1582 741 1635 quod
770 1595 904 1622 unum
934 1581 1130 1622 similiter
1156 1582 1290 1631 alteri,
1313 1582 1476 1623 scilicet

225 1652 395 1693 Lumen
433 1652 588 1701 Calori,
626 1651 664 1692 ἃ
703 1650 834 1693 Calor
866 1650 1052 1700 Lumini,
1088 1650 1388 1700 diversimode,
1425 1665 1476 1691 ac

271 1786 315 1831 (c)
344 1786 453 1831 Quod
476 1786 585 1820 Radii
609 1785 659 1819 illi
684 1785 756 1819 sint
781 1783 965 1818 Essentiae
988 1783 1105 1817 reales
1129 1794 1151 1816 a
1175 1794 1241 1817 suo
1267 1783 1393 1828 Fonte,
1413 1795 1476 1819 seu

222 1843 270 1877 ab
287 1843 367 1887 ipso
388 1842 578 1886 Supremo,
590 1847 715 1874 nostro
732 1839 895 1873 Numine
909 1851 916 1879 3
943 1838 1036 1873 sicut
1048 1838 1160 1872 etiam
1174 1838 1266 1872 radii
1280 1839 1327 1872 ab
1341 1840 1477 1874 Anima

223 1898 259 1931 in
285 1904 411 1932 nostro
438 1897 610 1941 Corpore,
628 1895 690 1940 qui
715 1901 800 1929 sunt
826 1894 928 1927 fibrae
953 1893 1080 1936 reales,
1099 1893 1132 1927 ὃς
1153 1893 1475 1929 determinationes

222 1954 334 1990 totius
352 1954 576 1997 essentiales,
590 1953 638 1987 ab
652 1952 833 1994 omnibus,
847 1958 923 1985 tarn
938 1951 1203 1995 phaemmenis,
1216 1963 1327 1996 quam
1342 1953 1475 1988 effecti-

222 2010 302 2053 bus,
314 2009 502 2044 evidenter
515 2008 758 2052 conspicitur;
784 2006 854 2040 nisi
868 2006 917 2040 illi
932 2005 1050 2040 forent
1062 2006 1190 2050 reales,
1202 2006 1234 2040 &
1248 2007 1338 2051 ipsae
1356 2019 1475 2042 rerum

223 2064 403 2108 essentiae,
418 2074 507 2098 sane
524 2063 614 2097 nihil
632 2063 668 2096 in
684 2062 867 2096 Universo
885 2061 983 2095 reale
1001 2061 1093 2095 foret
1108 2074 1116 2102 ;
1143 2072 1230 2095 nam
1248 2061 1333 2096 inde
1351 2063 1476 2096 omnia

224 2119 393 2162 existunt,
409 2118 440 2152 ἃ
459 2118 662 2152 subsistunt
673 2130 681 2158 ;
708 2116 807 2161 quod
825 2116 1003 2160 vivamus,
1022 2115 1122 2161 quod
1140 2116 1327 2160 percipere
1344 2116 1377 2150 ἃ.
1395 2128 1475 2150 sen-

224 2174 290 2209 tire
307 2184 495 2219 queamus,
512 2173 550 2206 id
567 2173 685 2206 solum
704 2171 790 2206 inde
807 2171 918 2205 trahit
937 2182 1042 2205 suam
1060 2171 1268 2206 essentiam.
1302 2172 1378 2219 §ed
1395 2172 1475 2206 haec

224 2235 300 2264 tam
329 2229 428 2262 clara
455 2234 539 2262 sunt
568 2227 623 2270 iis,
649 2227 711 2272 qui
737 2238 780 2261 ea
805 2226 842 2260 in
867 2226 937 2260 hac
962 2227 1044 2260 luce
1071 2232 1250 2270 spectant,
1275 2233 1314 2260 ut
1339 2238 1475 2260 vanum

225 2284 372 2327 ducant,
389 2289 687 2327 argumentorum
706 2281 843 2316 umbris
861 2292 884 2316 a
906 2287 1047 2315 naturae
1068 2281 1204 2315 lumine
1228 2281 1414 2325 mutuatis,
1431 2293 1474 2316 ea

225 2338 449 2374 confirmare.
