<?xml version="1.0" encoding="UTF-8"?>
<!DOCTYPE html PUBLIC "-//W3C//DTD XHTML 1.0 Transitional//EN"
    "http://www.w3.org/TR/xhtml1/DTD/xhtml1-transitional.dtd">
<html xmlns="http://www.w3.org/1999/xhtml" xml:lang="en" lang="en">
 <head>
  <title>
</title>
<meta http-equiv="Content-Type" content="text/html;charset=utf-8" />
  <meta name='ocr-system' content='tesseract 3.04.00' />
  <meta name='ocr-capabilities' content='ocr_page ocr_carea ocr_par ocr_line ocrx_word'/>
</head>
<body>
  <div class='ocr_page' id='page_1' title='image "./parsprimadecultu00swed_0215.png"; bbox 0 0 1783 2760; ppageno 0'>
   <div class='ocr_carea' id='block_1_1' title="bbox 375 172 1390 220">
    <p class='ocr_par' dir='ltr' id='par_1_1' title="bbox 375 172 1390 220">
     <span class='ocr_line' id='line_1_1' title="bbox 375 172 1390 220; baseline -0.007 -9"><span class='ocrx_word' id='word_1_1' title='bbox 375 177 454 211; x_wconf 85' lang='lat' dir='ltr'>DE</span> <span class='ocrx_word' id='word_1_2' title='bbox 488 174 747 220; x_wconf 82' lang='lat' dir='ltr'><em>CONJUGIO</em></span> <span class='ocrx_word' id='word_1_3' title='bbox 778 172 1159 208; x_wconf 79' lang='lat' dir='ltr'><em>PRIMOGENJTJ.</em></span> <span class='ocrx_word' id='word_1_4' title='bbox 1351 178 1390 212; x_wconf 85' lang='lat'>17</span> 
     </span>
    </p>
   </div>
   <div class='ocr_carea' id='block_1_2' title="bbox 143 268 1405 2374">
    <p class='ocr_par' dir='ltr' id='par_1_2' title="bbox 143 268 1391 452">
     <span class='ocr_line' id='line_1_2' title="bbox 143 268 1390 324; baseline -0.006 -9"><span class='ocrx_word' id='word_1_5' title='bbox 143 274 365 324; x_wconf 84' lang='lat' dir='ltr'><strong>elabimur,</strong></span> <span class='ocrx_word' id='word_1_6' title='bbox 387 274 443 314; x_wconf 91' lang='lat' dir='ltr'>ad</span> <span class='ocrx_word' id='word_1_7' title='bbox 463 273 696 314; x_wconf 87' lang='lat' dir='ltr'>recensitas</span> <span class='ocrx_word' id='word_1_8' title='bbox 725 271 919 320; x_wconf 80' lang='lat' dir='ltr'>Formas,</span> <span class='ocrx_word' id='word_1_9' title='bbox 942 284 1029 324; x_wconf 91' lang='lat' dir='ltr'>quo</span> <span class='ocrx_word' id='word_1_10' title='bbox 1055 270 1205 311; x_wconf 83' lang='lat' dir='ltr'>ordine</span> <span class='ocrx_word' id='word_1_11' title='bbox 1235 269 1277 309; x_wconf 91' lang='lat' dir='ltr'>in</span> <span class='ocrx_word' id='word_1_12' title='bbox 1306 268 1390 308; x_wconf 85' lang='lat' dir='ltr'>Mi-</span> 
     </span>
     <span class='ocr_line' id='line_1_3' title="bbox 144 337 1391 392; baseline -0.006 -8"><span class='ocrx_word' id='word_1_13' title='bbox 144 356 367 384; x_wconf 86' lang='lat' dir='ltr'>crocosmo</span> <span class='ocrx_word' id='word_1_14' title='bbox 389 349 477 391; x_wconf 91' lang='lat' dir='ltr'>tuo,</span> <span class='ocrx_word' id='word_1_15' title='bbox 499 355 545 381; x_wconf 90' lang='lat' dir='ltr'>se</span> <span class='ocrx_word' id='word_1_16' title='bbox 567 347 720 381; x_wconf 85' lang='lat' dir='ltr'>mutuo</span> <span class='ocrx_word' id='word_1_17' title='bbox 743 345 992 392; x_wconf 89' lang='lat' dir='ltr'>sequuntur,</span> <span class='ocrx_word' id='word_1_18' title='bbox 1017 339 1054 380; x_wconf 72' lang='lat'>81</span> <span class='ocrx_word' id='word_1_19' title='bbox 1075 352 1203 392; x_wconf 90' lang='lat' dir='ltr'>porro</span> <span class='ocrx_word' id='word_1_20' title='bbox 1225 337 1391 385; x_wconf 90' lang='lat' dir='ltr'>uniunt,</span> 
     </span>
     <span class='ocr_line' id='line_1_4' title="bbox 144 410 659 452; baseline -0.01 0"><span class='ocrx_word' id='word_1_21' title='bbox 144 424 389 452; x_wconf 88' lang='lat' dir='ltr'>sermonem</span> <span class='ocrx_word' id='word_1_22' title='bbox 412 410 659 450; x_wconf 89' lang='lat' dir='ltr'>referamus.</span> 
     </span>
    </p>

    <p class='ocr_par' dir='ltr' id='par_1_3' title="bbox 145 473 1405 2374">
     <span class='ocr_line' id='line_1_5' title="bbox 200 473 1393 532; baseline -0.007 -12"><span class='ocrx_word' id='word_1_23' title='bbox 200 488 265 532; x_wconf 85' lang='lat'>95.</span> <span class='ocrx_word' id='word_1_24' title='bbox 298 479 372 528; x_wconf 89' lang='lat' dir='ltr'>Ut,</span> <span class='ocrx_word' id='word_1_25' title='bbox 393 491 489 518; x_wconf 87' lang='lat' dir='ltr'>mea</span> <span class='ocrx_word' id='word_1_26' title='bbox 513 476 678 518; x_wconf 86' lang='lat' dir='ltr'>Chara!</span> <span class='ocrx_word' id='word_1_27' title='bbox 703 475 786 516; x_wconf 92' lang='lat' dir='ltr'>hoc</span> <span class='ocrx_word' id='word_1_28' title='bbox 807 475 974 515; x_wconf 88' lang='lat' dir='ltr'>curioso</span> <span class='ocrx_word' id='word_1_29' title='bbox 998 474 1035 515; x_wconf 68' lang='grc' dir='ltr'>ἃ</span> <span class='ocrx_word' id='word_1_30' title='bbox 1054 473 1250 527; x_wconf 88' lang='lat' dir='ltr'>jucundo</span> <span class='ocrx_word' id='word_1_31' title='bbox 1271 486 1393 525; x_wconf 89' lang='lat' dir='ltr'>spec-</span> 
     </span>
     <span class='ocr_line' id='line_1_6' title="bbox 145 540 1391 597; baseline -0.006 -9"><span class='ocrx_word' id='word_1_32' title='bbox 145 548 291 588; x_wconf 89' lang='lat' dir='ltr'>taculo</span> <span class='ocrx_word' id='word_1_33' title='bbox 312 559 481 587; x_wconf 89' lang='lat' dir='ltr'>mecum</span> <span class='ocrx_word' id='word_1_34' title='bbox 502 545 664 594; x_wconf 88' lang='lat' dir='ltr'>fruaris,</span> <span class='ocrx_word' id='word_1_35' title='bbox 687 544 877 597; x_wconf 87' lang='lat' dir='ltr'>aperiam</span> <span class='ocrx_word' id='word_1_36' title='bbox 899 543 977 583; x_wconf 91' lang='lat' dir='ltr'>tibi</span> <span class='ocrx_word' id='word_1_37' title='bbox 1001 555 1147 583; x_wconf 88' lang='lat' dir='ltr'>meum</span> <span class='ocrx_word' id='word_1_38' title='bbox 1172 543 1338 590; x_wconf 81' lang='lat' dir='ltr'>Pectus,</span> <span class='ocrx_word' id='word_1_39' title='bbox 1353 540 1391 581; x_wconf 85' lang='lat'>&amp;</span> 
     </span>
     <span class='ocr_line' id='line_1_7' title="bbox 145 608 1394 668; baseline -0.007 -11"><span class='ocrx_word' id='word_1_40' title='bbox 145 630 202 657; x_wconf 89' lang='lat' dir='ltr'>ex</span> <span class='ocrx_word' id='word_1_41' title='bbox 226 616 417 668; x_wconf 84' lang='lat' dir='ltr'>Corpore</span> <span class='ocrx_word' id='word_1_42' title='bbox 433 619 691 667; x_wconf 86' lang='lat' dir='ltr'>argumenta</span> <span class='ocrx_word' id='word_1_43' title='bbox 708 612 989 665; x_wconf 68' lang='lat' dir='ltr'>experientiae</span> <span class='ocrx_word' id='word_1_44' title='bbox 1006 612 1262 664; x_wconf 78' lang='lat' dir='ltr'>depromam</span> <span class='ocrx_word' id='word_1_45' title='bbox 1281 622 1290 659; x_wconf 92' lang='lat'>;</span> <span class='ocrx_word' id='word_1_46' title='bbox 1310 608 1394 648; x_wconf 93' lang='lat' dir='ltr'>hoc</span> 
     </span>
     <span class='ocr_line' id='line_1_8' title="bbox 147 676 1394 732; baseline -0.006 -7"><span class='ocrx_word' id='word_1_47' title='bbox 147 684 251 726; x_wconf 90' lang='lat' dir='ltr'>mihi</span> <span class='ocrx_word' id='word_1_48' title='bbox 273 683 378 724; x_wconf 90' lang='lat' dir='ltr'>nihil</span> <span class='ocrx_word' id='word_1_49' title='bbox 399 683 536 732; x_wconf 84' lang='lat' dir='ltr'>obest,</span> <span class='ocrx_word' id='word_1_50' title='bbox 553 696 654 722; x_wconf 90' lang='lat' dir='ltr'>nam</span> <span class='ocrx_word' id='word_1_51' title='bbox 677 681 862 722; x_wconf 87' lang='lat' dir='ltr'>formam</span> <span class='ocrx_word' id='word_1_52' title='bbox 879 680 1130 728; x_wconf 81' lang='lat' dir='ltr'>humanam,</span> <span class='ocrx_word' id='word_1_53' title='bbox 1149 679 1253 719; x_wconf 92' lang='lat' dir='ltr'>dum</span> <span class='ocrx_word' id='word_1_54' title='bbox 1275 676 1394 726; x_wconf 85' lang='lat' dir='ltr'>libet,</span> 
     </span>
     <span class='ocr_line' id='line_1_9' title="bbox 146 746 1393 802; baseline -0.006 -9"><span class='ocrx_word' id='word_1_55' title='bbox 146 766 330 802; x_wconf 88' lang='lat' dir='ltr'>assumo,</span> <span class='ocrx_word' id='word_1_56' title='bbox 353 765 403 792; x_wconf 95' lang='lat' dir='ltr'>ac</span> <span class='ocrx_word' id='word_1_57' title='bbox 424 752 580 792; x_wconf 88' lang='lat' dir='ltr'>iterum</span> <span class='ocrx_word' id='word_1_58' title='bbox 603 764 699 791; x_wconf 90' lang='lat' dir='ltr'>eam</span> <span class='ocrx_word' id='word_1_59' title='bbox 722 750 896 802; x_wconf 91' lang='lat' dir='ltr'>depono</span> <span class='ocrx_word' id='word_1_60' title='bbox 914 763 923 799; x_wconf 93' lang='lat'>;</span> <span class='ocrx_word' id='word_1_61' title='bbox 955 748 1099 801; x_wconf 81' lang='lat' dir='ltr'>aspice</span> <span class='ocrx_word' id='word_1_62' title='bbox 1116 747 1221 800; x_wconf 87' lang='lat' dir='ltr'>jam,</span> <span class='ocrx_word' id='word_1_63' title='bbox 1240 746 1393 799; x_wconf 89' lang='lat' dir='ltr'>inquit,</span> 
     </span>
     <span class='ocr_line' id='line_1_10' title="bbox 146 814 1395 873; baseline -0.006 -11"><span class='ocrx_word' id='word_1_64' title='bbox 146 835 204 862; x_wconf 91' lang='lat' dir='ltr'>ex</span> <span class='ocrx_word' id='word_1_65' title='bbox 225 820 402 861; x_wconf 89' lang='lat' dir='ltr'>infinitis</span> <span class='ocrx_word' id='word_1_66' title='bbox 421 820 615 873; x_wconf 83' lang='lat' dir='ltr'>partibus</span> <span class='ocrx_word' id='word_1_67' title='bbox 643 819 775 858; x_wconf 93' lang='lat' dir='ltr'>modo</span> <span class='ocrx_word' id='word_1_68' title='bbox 799 817 868 858; x_wconf 93' lang='lat' dir='ltr'>hic</span> <span class='ocrx_word' id='word_1_69' title='bbox 889 817 1074 865; x_wconf 69' lang='lat' dir='ltr'>Nervus,</span> <span class='ocrx_word' id='word_1_70' title='bbox 1096 828 1175 870; x_wconf 89' lang='lat' dir='ltr'>pro</span> <span class='ocrx_word' id='word_1_71' title='bbox 1205 814 1395 868; x_wconf 91' lang='lat' dir='ltr'>speculo,</span> 
     </span>
     <span class='ocr_line' id='line_1_11' title="bbox 147 884 1397 942; baseline -0.006 -12"><span class='ocrx_word' id='word_1_72' title='bbox 147 890 363 938; x_wconf 81' lang='lat' dir='ltr'>inserviat,</span> <span class='ocrx_word' id='word_1_73' title='bbox 383 901 513 942; x_wconf 89' lang='lat' dir='ltr'>quern</span> <span class='ocrx_word' id='word_1_74' title='bbox 535 888 656 928; x_wconf 88' lang='lat' dir='ltr'>vides</span> <span class='ocrx_word' id='word_1_75' title='bbox 679 887 852 940; x_wconf 90' lang='lat' dir='ltr'>duplici,</span> <span class='ocrx_word' id='word_1_76' title='bbox 872 887 959 927; x_wconf 93' lang='lat' dir='ltr'>imo</span> <span class='ocrx_word' id='word_1_77' title='bbox 981 885 1136 938; x_wconf 87' lang='lat' dir='ltr'>triplici</span> <span class='ocrx_word' id='word_1_78' title='bbox 1159 885 1269 924; x_wconf 72' lang='lat' dir='ltr'>zona</span> <span class='ocrx_word' id='word_1_79' title='bbox 1284 884 1397 924; x_wconf 88' lang='lat' dir='ltr'>cinc-</span> 
     </span>
     <span class='ocr_line' id='line_1_12' title="bbox 146 951 1396 1011; baseline -0.006 -12"><span class='ocrx_word' id='word_1_80' title='bbox 146 964 253 1007; x_wconf 88' lang='lat' dir='ltr'>tum,</span> <span class='ocrx_word' id='word_1_81' title='bbox 271 957 308 998; x_wconf 86' lang='lat'>&amp;</span> <span class='ocrx_word' id='word_1_82' title='bbox 329 957 571 1011; x_wconf 73' lang='lat' dir='ltr'>penultima</span> <span class='ocrx_word' id='word_1_83' title='bbox 591 956 729 996; x_wconf 74' lang='lat' dir='ltr'>forma</span> <span class='ocrx_word' id='word_1_84' title='bbox 750 969 825 995; x_wconf 91' lang='lat' dir='ltr'>seu</span> <span class='ocrx_word' id='word_1_85' title='bbox 848 954 1058 1008; x_wconf 72' lang='lat' dir='ltr'>sphaerica</span> <span class='ocrx_word' id='word_1_86' title='bbox 1074 952 1338 1001; x_wconf 89' lang='lat' dir='ltr'>conclusum,</span> <span class='ocrx_word' id='word_1_87' title='bbox 1357 951 1396 992; x_wconf 67' lang='grc' dir='ltr'>ἃ</span> 
     </span>
     <span class='ocr_line' id='line_1_13' title="bbox 147 1020 1396 1075; baseline -0.006 -8"><span class='ocrx_word' id='word_1_88' title='bbox 147 1027 208 1067; x_wconf 90' lang='lat' dir='ltr'>sic</span> <span class='ocrx_word' id='word_1_89' title='bbox 238 1026 294 1067; x_wconf 86' lang='lat' dir='ltr'>ad</span> <span class='ocrx_word' id='word_1_90' title='bbox 328 1025 503 1066; x_wconf 88' lang='lat' dir='ltr'>ultimas</span> <span class='ocrx_word' id='word_1_91' title='bbox 538 1038 613 1065; x_wconf 90' lang='lat' dir='ltr'>seu</span> <span class='ocrx_word' id='word_1_92' title='bbox 646 1024 836 1064; x_wconf 88' lang='lat' dir='ltr'>extimas</span> <span class='ocrx_word' id='word_1_93' title='bbox 867 1036 967 1063; x_wconf 87' lang='lat' dir='ltr'>suas</span> <span class='ocrx_word' id='word_1_94' title='bbox 991 1022 1276 1075; x_wconf 91' lang='lat' dir='ltr'>perductum:</span> <span class='ocrx_word' id='word_1_95' title='bbox 1303 1020 1396 1073; x_wconf 89' lang='lat' dir='ltr'>jam</span> 
     </span>
     <span class='ocr_line' id='line_1_14' title="bbox 148 1089 1399 1140; baseline -0.006 -5"><span class='ocrx_word' id='word_1_96' title='bbox 148 1108 250 1136; x_wconf 91' lang='lat' dir='ltr'>vero</span> <span class='ocrx_word' id='word_1_97' title='bbox 270 1094 385 1134; x_wconf 91' lang='lat' dir='ltr'>hunc</span> <span class='ocrx_word' id='word_1_98' title='bbox 407 1100 583 1133; x_wconf 90' lang='lat' dir='ltr'>tenuem</span> <span class='ocrx_word' id='word_1_99' title='bbox 606 1092 819 1132; x_wconf 87' lang='lat' dir='ltr'>ambitum</span> <span class='ocrx_word' id='word_1_100' title='bbox 841 1090 1064 1140; x_wconf 89' lang='lat' dir='ltr'>amovebo,</span> <span class='ocrx_word' id='word_1_101' title='bbox 1085 1096 1134 1130; x_wconf 92' lang='lat' dir='ltr'>ut</span> <span class='ocrx_word' id='word_1_102' title='bbox 1153 1089 1313 1129; x_wconf 86' lang='lat' dir='ltr'>formas</span> <span class='ocrx_word' id='word_1_103' title='bbox 1335 1089 1399 1128; x_wconf 91' lang='lat' dir='ltr'>in-</span> 
     </span>
     <span class='ocr_line' id='line_1_15' title="bbox 147 1151 1399 1213; baseline -0.006 -10"><span class='ocrx_word' id='word_1_104' title='bbox 147 1163 319 1203; x_wconf 91' lang='lat' dir='ltr'>volutas</span> <span class='ocrx_word' id='word_1_105' title='bbox 340 1176 418 1202; x_wconf 89' lang='lat' dir='ltr'>suo</span> <span class='ocrx_word' id='word_1_106' title='bbox 441 1161 590 1202; x_wconf 91' lang='lat' dir='ltr'>ordine</span> <span class='ocrx_word' id='word_1_107' title='bbox 612 1151 845 1213; x_wconf 85' lang='lat' dir='ltr'>expediam</span> <span class='ocrx_word' id='word_1_108' title='bbox 864 1173 873 1209; x_wconf 91' lang='lat'>;</span> <span class='ocrx_word' id='word_1_109' title='bbox 896 1159 1100 1199; x_wconf 86' lang='lat' dir='ltr'>detractis</span> <span class='ocrx_word' id='word_1_110' title='bbox 1118 1158 1265 1210; x_wconf 87' lang='lat' dir='ltr'>itaque</span> <span class='ocrx_word' id='word_1_111' title='bbox 1280 1157 1399 1197; x_wconf 88' lang='lat' dir='ltr'>zonis</span> 
     </span>
     <span class='ocr_line' id='line_1_16' title="bbox 150 1227 1398 1282; baseline -0.006 -9"><span class='ocrx_word' id='word_1_112' title='bbox 150 1246 225 1274; x_wconf 91' lang='lat' dir='ltr'>seu</span> <span class='ocrx_word' id='word_1_113' title='bbox 266 1231 495 1281; x_wconf 87' lang='lat' dir='ltr'>tuniculis;</span> <span class='ocrx_word' id='word_1_114' title='bbox 540 1243 593 1270; x_wconf 89' lang='lat' dir='ltr'>en</span> <span class='ocrx_word' id='word_1_115' title='bbox 630 1230 723 1282; x_wconf 92' lang='lat' dir='ltr'>jam</span> <span class='ocrx_word' id='word_1_116' title='bbox 765 1228 1060 1269; x_wconf 84' lang='lat' dir='ltr'>fascicularem</span> <span class='ocrx_word' id='word_1_117' title='bbox 1101 1227 1229 1280; x_wconf 89' lang='lat' dir='ltr'>hujus</span> <span class='ocrx_word' id='word_1_118' title='bbox 1265 1227 1398 1267; x_wconf 91' lang='lat' dir='ltr'>Nervi</span> 
     </span>
     <span class='ocr_line' id='line_1_17' title="bbox 148 1295 1398 1353; baseline -0.006 -12"><span class='ocrx_word' id='word_1_119' title='bbox 148 1313 420 1353; x_wconf 80' lang='lat' dir='ltr'>compagem,</span> <span class='ocrx_word' id='word_1_120' title='bbox 443 1298 548 1349; x_wconf 83' lang='lat' dir='ltr'>infit,</span> <span class='ocrx_word' id='word_1_121' title='bbox 571 1311 701 1351; x_wconf 90' lang='lat' dir='ltr'>quem</span> <span class='ocrx_word' id='word_1_122' title='bbox 733 1311 789 1338; x_wconf 92' lang='lat' dir='ltr'>ex</span> <span class='ocrx_word' id='word_1_123' title='bbox 817 1297 1014 1346; x_wconf 80' lang='lat' dir='ltr'>nervuliS,</span> <span class='ocrx_word' id='word_1_124' title='bbox 1038 1296 1076 1337; x_wconf 69' lang='grc' dir='ltr'>δι</span> <span class='ocrx_word' id='word_1_125' title='bbox 1106 1295 1187 1337; x_wconf 87' lang='lat' dir='ltr'>hos</span> <span class='ocrx_word' id='word_1_126' title='bbox 1221 1295 1398 1335; x_wconf 90' lang='lat' dir='ltr'>demum</span> 
     </span>
     <span class='ocr_line' id='line_1_18' title="bbox 150 1363 1399 1419; baseline -0.006 -10"><span class='ocrx_word' id='word_1_127' title='bbox 150 1382 209 1409; x_wconf 92' lang='lat' dir='ltr'>ex</span> <span class='ocrx_word' id='word_1_128' title='bbox 230 1368 348 1408; x_wconf 89' lang='lat' dir='ltr'>fibris</span> <span class='ocrx_word' id='word_1_129' title='bbox 369 1368 449 1408; x_wconf 90' lang='lat' dir='ltr'>sibi</span> <span class='ocrx_word' id='word_1_130' title='bbox 472 1373 623 1407; x_wconf 89' lang='lat' dir='ltr'>mutuo</span> <span class='ocrx_word' id='word_1_131' title='bbox 641 1366 864 1419; x_wconf 80' lang='lat' dir='ltr'>adpositis,</span> <span class='ocrx_word' id='word_1_132' title='bbox 879 1370 1235 1418; x_wconf 87' lang='lat' dir='ltr'>coagmentatum</span> <span class='ocrx_word' id='word_1_133' title='bbox 1251 1363 1372 1405; x_wconf 90' lang='lat' dir='ltr'>vides</span> <span class='ocrx_word' id='word_1_134' title='bbox 1390 1374 1399 1411; x_wconf 91' lang='lat'>;</span> 
     </span>
     <span class='ocr_line' id='line_1_19' title="bbox 150 1431 1399 1487; baseline -0.005 -10"><span class='ocrx_word' id='word_1_135' title='bbox 150 1437 219 1477; x_wconf 80' lang='lat' dir='ltr'>hae</span> <span class='ocrx_word' id='word_1_136' title='bbox 241 1436 358 1477; x_wconf 82' lang='lat' dir='ltr'>fibrae</span> <span class='ocrx_word' id='word_1_137' title='bbox 384 1451 410 1477; x_wconf 91' lang='lat' dir='ltr'>a</span> <span class='ocrx_word' id='word_1_138' title='bbox 433 1435 613 1477; x_wconf 90' lang='lat' dir='ltr'>vinculis</span> <span class='ocrx_word' id='word_1_139' title='bbox 644 1436 732 1475; x_wconf 90' lang='lat' dir='ltr'>suis</span> <span class='ocrx_word' id='word_1_140' title='bbox 764 1434 1005 1487; x_wconf 68' lang='lat' dir='ltr'>disjunctae,</span> <span class='ocrx_word' id='word_1_141' title='bbox 1027 1434 1069 1473; x_wconf 90' lang='lat' dir='ltr'>in</span> <span class='ocrx_word' id='word_1_142' title='bbox 1099 1431 1279 1486; x_wconf 87' lang='lat' dir='ltr'>spirales</span> <span class='ocrx_word' id='word_1_143' title='bbox 1308 1431 1399 1472; x_wconf 89' lang='lat' dir='ltr'>vol-</span> 
     </span>
     <span class='ocr_line' id='line_1_20' title="bbox 150 1500 1399 1556; baseline -0.006 -10"><span class='ocrx_word' id='word_1_144' title='bbox 150 1511 310 1546; x_wconf 90' lang='lat' dir='ltr'>vuntur</span> <span class='ocrx_word' id='word_1_145' title='bbox 329 1505 481 1553; x_wconf 89' lang='lat' dir='ltr'>flexus,</span> <span class='ocrx_word' id='word_1_146' title='bbox 504 1503 542 1544; x_wconf 84' lang='lat'>&amp;</span> <span class='ocrx_word' id='word_1_147' title='bbox 564 1503 850 1556; x_wconf 90' lang='lat' dir='ltr'>permeabiles</span> <span class='ocrx_word' id='word_1_148' title='bbox 871 1509 972 1543; x_wconf 90' lang='lat' dir='ltr'>sunt</span> <span class='ocrx_word' id='word_1_149' title='bbox 997 1502 1170 1542; x_wconf 86' lang='lat' dir='ltr'>cuidam</span> <span class='ocrx_word' id='word_1_150' title='bbox 1195 1500 1399 1554; x_wconf 81' lang='lat' dir='ltr'>lymphae,</span> 
     </span>
     <span class='ocr_line' id='line_1_21' title="bbox 152 1569 1400 1626; baseline -0.005 -12"><span class='ocrx_word' id='word_1_151' title='bbox 152 1586 251 1626; x_wconf 81' lang='lat' dir='ltr'>quae</span> <span class='ocrx_word' id='word_1_152' title='bbox 272 1573 459 1626; x_wconf 85' lang='lat' dir='ltr'>Spiritus</span> <span class='ocrx_word' id='word_1_153' title='bbox 481 1572 700 1612; x_wconf 88' lang='lat' dir='ltr'>Animalis</span> <span class='ocrx_word' id='word_1_154' title='bbox 721 1572 889 1621; x_wconf 90' lang='lat' dir='ltr'>dicitur,</span> <span class='ocrx_word' id='word_1_155' title='bbox 910 1572 978 1612; x_wconf 91' lang='lat' dir='ltr'>cui</span> <span class='ocrx_word' id='word_1_156' title='bbox 1009 1584 1034 1611; x_wconf 89' lang='lat' dir='ltr'>a</span> <span class='ocrx_word' id='word_1_157' title='bbox 1065 1570 1287 1624; x_wconf 87' lang='lat' dir='ltr'>principiis</span> <span class='ocrx_word' id='word_1_158' title='bbox 1311 1569 1400 1620; x_wconf 81' lang='lat' dir='ltr'>suis</span> 
     </span>
     <span class='ocr_line' id='line_1_22' title="bbox 152 1638 1401 1694; baseline -0.003 -12"><span class='ocrx_word' id='word_1_159' title='bbox 152 1642 392 1683; x_wconf 83' lang='lat' dir='ltr'>infunditur</span> <span class='ocrx_word' id='word_1_160' title='bbox 425 1642 543 1690; x_wconf 88' lang='lat' dir='ltr'>Vita,</span> <span class='ocrx_word' id='word_1_161' title='bbox 565 1655 696 1694; x_wconf 90' lang='lat' dir='ltr'>quam</span> <span class='ocrx_word' id='word_1_162' title='bbox 732 1641 776 1681; x_wconf 91' lang='lat' dir='ltr'>in</span> <span class='ocrx_word' id='word_1_163' title='bbox 800 1641 918 1681; x_wconf 86' lang='lat' dir='ltr'>vicos</span> <span class='ocrx_word' id='word_1_164' title='bbox 945 1640 983 1680; x_wconf 72' lang='lat'>81</span> <span class='ocrx_word' id='word_1_165' title='bbox 1006 1640 1241 1692; x_wconf 87' lang='lat' dir='ltr'>municipia</span> <span class='ocrx_word' id='word_1_166' title='bbox 1265 1638 1401 1680; x_wconf 89' lang='lat' dir='ltr'>totius</span> 
     </span>
     <span class='ocr_line' id='line_1_23' title="bbox 154 1706 1400 1763; baseline -0.003 -13"><span class='ocrx_word' id='word_1_167' title='bbox 154 1711 297 1763; x_wconf 88' lang='lat' dir='ltr'>Regni</span> <span class='ocrx_word' id='word_1_168' title='bbox 328 1709 583 1758; x_wconf 86' lang='lat' dir='ltr'>circumfert,</span> <span class='ocrx_word' id='word_1_169' title='bbox 616 1709 784 1762; x_wconf 87' lang='lat' dir='ltr'>ipsique</span> <span class='ocrx_word' id='word_1_170' title='bbox 814 1708 1027 1761; x_wconf 84' lang='lat' dir='ltr'>Sanguini</span> <span class='ocrx_word' id='word_1_171' title='bbox 1057 1707 1295 1761; x_wconf 84' lang='lat' dir='ltr'>inspergit:</span> <span class='ocrx_word' id='word_1_172' title='bbox 1324 1706 1400 1746; x_wconf 86' lang='lat' dir='ltr'>sed</span> 
     </span>
     <span class='ocr_line' id='line_1_24' title="bbox 153 1775 1400 1832; baseline -0.003 -13"><span class='ocrx_word' id='word_1_173' title='bbox 153 1792 206 1819; x_wconf 90' lang='lat' dir='ltr'>ne</span> <span class='ocrx_word' id='word_1_174' title='bbox 227 1778 414 1832; x_wconf 89' lang='lat' dir='ltr'>plurium</span> <span class='ocrx_word' id='word_1_175' title='bbox 436 1783 637 1830; x_wconf 88' lang='lat' dir='ltr'>aspectus</span> <span class='ocrx_word' id='word_1_176' title='bbox 653 1777 880 1817; x_wconf 89' lang='lat' dir='ltr'>distinctas</span> <span class='ocrx_word' id='word_1_177' title='bbox 902 1782 1057 1830; x_wconf 86' lang='lat' dir='ltr'>opacet</span> <span class='ocrx_word' id='word_1_178' title='bbox 1079 1776 1210 1823; x_wconf 88' lang='lat' dir='ltr'>ideas,</span> <span class='ocrx_word' id='word_1_179' title='bbox 1228 1775 1400 1816; x_wconf 90' lang='lat' dir='ltr'>unicam</span> 
     </span>
     <span class='ocr_line' id='line_1_25' title="bbox 154 1845 1400 1898; baseline -0.003 -11"><span class='ocrx_word' id='word_1_180' title='bbox 154 1847 286 1887; x_wconf 91' lang='lat' dir='ltr'>modo</span> <span class='ocrx_word' id='word_1_181' title='bbox 309 1846 461 1887; x_wconf 86' lang='lat' dir='ltr'>fibram</span> <span class='ocrx_word' id='word_1_182' title='bbox 484 1846 601 1886; x_wconf 87' lang='lat' dir='ltr'>latici</span> <span class='ocrx_word' id='word_1_183' title='bbox 627 1860 706 1886; x_wconf 90' lang='lat' dir='ltr'>suo</span> <span class='ocrx_word' id='word_1_184' title='bbox 732 1845 934 1898; x_wconf 88' lang='lat' dir='ltr'>perviam,</span> <span class='ocrx_word' id='word_1_185' title='bbox 956 1859 982 1885; x_wconf 90' lang='lat' dir='ltr'>a</span> <span class='ocrx_word' id='word_1_186' title='bbox 1011 1845 1250 1885; x_wconf 88' lang='lat' dir='ltr'>vicinarum</span> <span class='ocrx_word' id='word_1_187' title='bbox 1283 1857 1400 1884; x_wconf 91' lang='lat' dir='ltr'>nexu</span> 
     </span>
     <span class='ocr_line' id='line_1_26' title="bbox 154 1913 1402 1968; baseline -0.003 -12"><span class='ocrx_word' id='word_1_188' title='bbox 154 1916 420 1968; x_wconf 90' lang='lat' dir='ltr'>decerptam,</span> <span class='ocrx_word' id='word_1_189' title='bbox 451 1914 688 1967; x_wconf 85' lang='lat' dir='ltr'>simplicius</span> <span class='ocrx_word' id='word_1_190' title='bbox 719 1913 962 1962; x_wconf 90' lang='lat' dir='ltr'>lustremus,</span> <span class='ocrx_word' id='word_1_191' title='bbox 986 1926 1118 1966; x_wconf 88' lang='lat' dir='ltr'>quam</span> <span class='ocrx_word' id='word_1_192' title='bbox 1148 1913 1279 1953; x_wconf 88' lang='lat' dir='ltr'>etiarn</span> <span class='ocrx_word' id='word_1_193' title='bbox 1309 1918 1402 1953; x_wconf 87' lang='lat' dir='ltr'>arte</span> 
     </span>
     <span class='ocr_line' id='line_1_27' title="bbox 157 1980 1402 2036; baseline -0.002 -12"><span class='ocrx_word' id='word_1_194' title='bbox 157 1985 254 2024; x_wconf 75' lang='lat' dir='ltr'>mea</span> <span class='ocrx_word' id='word_1_195' title='bbox 274 1982 585 2036; x_wconf 87' lang='lat' dir='ltr'>amplificatam</span> <span class='ocrx_word' id='word_1_196' title='bbox 607 1982 685 2022; x_wconf 87' lang='lat' dir='ltr'>tibi</span> <span class='ocrx_word' id='word_1_197' title='bbox 708 1982 858 2022; x_wconf 87' lang='lat' dir='ltr'>sistam</span> <span class='ocrx_word' id='word_1_198' title='bbox 876 1995 884 2032; x_wconf 87' lang='lat'>;</span> <span class='ocrx_word' id='word_1_199' title='bbox 907 1995 994 2034; x_wconf 88' lang='lat' dir='ltr'>quo</span> <span class='ocrx_word' id='word_1_200' title='bbox 1017 1981 1144 2030; x_wconf 89' lang='lat' dir='ltr'>facto,</span> <span class='ocrx_word' id='word_1_201' title='bbox 1166 1987 1286 2022; x_wconf 89' lang='lat' dir='ltr'>tuere</span> <span class='ocrx_word' id='word_1_202' title='bbox 1296 1980 1402 2033; x_wconf 89' lang='lat' dir='ltr'>jam,</span> 
     </span>
     <span class='ocr_line' id='line_1_28' title="bbox 157 2049 1404 2103; baseline -0.002 -12"><span class='ocrx_word' id='word_1_203' title='bbox 157 2051 281 2100; x_wconf 84' lang='lat' dir='ltr'>dixit,</span> <span class='ocrx_word' id='word_1_204' title='bbox 302 2057 409 2103; x_wconf 90' lang='lat' dir='ltr'>quot</span> <span class='ocrx_word' id='word_1_205' title='bbox 438 2050 704 2091; x_wconf 88' lang='lat' dir='ltr'>canaliculus</span> <span class='ocrx_word' id='word_1_206' title='bbox 735 2049 804 2090; x_wconf 89' lang='lat' dir='ltr'>hic</span> <span class='ocrx_word' id='word_1_207' title='bbox 835 2049 1171 2103; x_wconf 90' lang='lat' dir='ltr'>permeabilibus</span> <span class='ocrx_word' id='word_1_208' title='bbox 1202 2050 1404 2090; x_wconf 89' lang='lat' dir='ltr'>circuitur</span> 
     </span>
     <span class='ocr_line' id='line_1_29' title="bbox 157 2117 1403 2172; baseline -0.002 -13"><span class='ocrx_word' id='word_1_209' title='bbox 157 2119 285 2168; x_wconf 88' lang='lat' dir='ltr'>fibris,</span> <span class='ocrx_word' id='word_1_210' title='bbox 308 2119 345 2159; x_wconf 85' lang='lat'>&amp;</span> <span class='ocrx_word' id='word_1_211' title='bbox 366 2119 588 2172; x_wconf 88' lang='lat' dir='ltr'>quomodo</span> <span class='ocrx_word' id='word_1_212' title='bbox 609 2118 677 2158; x_wconf 81' lang='lat' dir='ltr'>hae</span> <span class='ocrx_word' id='word_1_213' title='bbox 699 2117 819 2158; x_wconf 83' lang='lat' dir='ltr'>fibrae</span> <span class='ocrx_word' id='word_1_214' title='bbox 840 2119 995 2158; x_wconf 89' lang='lat' dir='ltr'>iterum</span> <span class='ocrx_word' id='word_1_215' title='bbox 1018 2117 1056 2158; x_wconf 68' lang='grc' dir='ltr'>ἃ</span> <span class='ocrx_word' id='word_1_216' title='bbox 1079 2118 1234 2158; x_wconf 91' lang='lat' dir='ltr'>iterum</span> <span class='ocrx_word' id='word_1_217' title='bbox 1257 2132 1282 2158; x_wconf 89' lang='lat' dir='ltr'>a</span> <span class='ocrx_word' id='word_1_218' title='bbox 1303 2118 1403 2167; x_wconf 83' lang='lat' dir='ltr'>suis,</span> 
     </span>
     <span class='ocr_line' id='line_1_30' title="bbox 159 2186 1403 2240; baseline -0.002 -13"><span class='ocrx_word' id='word_1_219' title='bbox 159 2188 201 2228; x_wconf 89' lang='lat' dir='ltr'>in</span> <span class='ocrx_word' id='word_1_220' title='bbox 224 2200 331 2239; x_wconf 86' lang='lat' dir='ltr'>quas</span> <span class='ocrx_word' id='word_1_221' title='bbox 352 2186 544 2240; x_wconf 87' lang='lat' dir='ltr'>singulas</span> <span class='ocrx_word' id='word_1_222' title='bbox 565 2200 643 2227; x_wconf 86' lang='lat' dir='ltr'>sua</span> <span class='ocrx_word' id='word_1_223' title='bbox 664 2186 768 2226; x_wconf 89' lang='lat' dir='ltr'>Vita</span> <span class='ocrx_word' id='word_1_224' title='bbox 798 2199 824 2226; x_wconf 89' lang='lat' dir='ltr'>a</span> <span class='ocrx_word' id='word_1_225' title='bbox 855 2186 1076 2239; x_wconf 86' lang='lat' dir='ltr'>principiis</span> <span class='ocrx_word' id='word_1_226' title='bbox 1106 2186 1310 2226; x_wconf 90' lang='lat' dir='ltr'>distincte</span> <span class='ocrx_word' id='word_1_227' title='bbox 1341 2186 1403 2225; x_wconf 91' lang='lat' dir='ltr'>in-</span> 
     </span>
     <span class='ocr_line' id='line_1_31' title="bbox 158 2254 1404 2308; baseline -0.002 -13"><span class='ocrx_word' id='word_1_228' title='bbox 158 2254 278 2306; x_wconf 85' lang='lat' dir='ltr'>fluit;</span> <span class='ocrx_word' id='word_1_229' title='bbox 308 2255 406 2295; x_wconf 87' lang='lat' dir='ltr'>talis</span> <span class='ocrx_word' id='word_1_230' title='bbox 428 2261 493 2296; x_wconf 85' lang='lat' dir='ltr'>est</span> <span class='ocrx_word' id='word_1_231' title='bbox 514 2254 851 2308; x_wconf 88' lang='lat' dir='ltr'>compaginatio.</span> <span class='ocrx_word' id='word_1_232' title='bbox 912 2255 1089 2303; x_wconf 92' lang='lat' dir='ltr'>Verum,</span> <span class='ocrx_word' id='word_1_233' title='bbox 1111 2260 1157 2294; x_wconf 93' lang='lat' dir='ltr'>ut</span> <span class='ocrx_word' id='word_1_234' title='bbox 1180 2267 1258 2294; x_wconf 91' lang='lat' dir='ltr'>nos</span> <span class='ocrx_word' id='word_1_235' title='bbox 1289 2254 1404 2307; x_wconf 83' lang='lat' dir='ltr'>ipsas</span> 
     </span>
     <span class='ocr_line' id='line_1_32' title="bbox 158 2321 1405 2374; baseline -0.002 -10"><span class='ocrx_word' id='word_1_236' title='bbox 158 2323 330 2374; x_wconf 88' lang='lat' dir='ltr'>formas,</span> <span class='ocrx_word' id='word_1_237' title='bbox 353 2323 391 2365; x_wconf 69' lang='grc' dir='ltr'>δε</span> <span class='ocrx_word' id='word_1_238' title='bbox 419 2324 545 2365; x_wconf 86' lang='lat' dir='ltr'>unius</span> <span class='ocrx_word' id='word_1_239' title='bbox 574 2335 738 2363; x_wconf 89' lang='lat' dir='ltr'>nexum</span> <span class='ocrx_word' id='word_1_240' title='bbox 769 2335 868 2363; x_wconf 91' lang='lat' dir='ltr'>cum</span> <span class='ocrx_word' id='word_1_241' title='bbox 897 2321 1045 2373; x_wconf 70' lang='lat' dir='ltr'>altera,</span> <span class='ocrx_word' id='word_1_242' title='bbox 1066 2322 1104 2363; x_wconf 85' lang='lat'>&amp;</span> <span class='ocrx_word' id='word_1_243' title='bbox 1133 2322 1309 2368; x_wconf 86' lang='lat' dir='ltr'>demum</span> <span class='ocrx_word' id='word_1_244' title='bbox 1341 2322 1405 2362; x_wconf 91' lang='lat' dir='ltr'>in-</span> 
     </span>
    </p>
   </div>
  </div>
 </body>
</html>
