1783 2760
450 180 527 216 DE
557 180 757 216 AMORE
788 182 963 217 PRIMO
969 183 1169 218 GENJTJ.
1376 193 1439 228 173

186 278 289 327 vita,
325 278 405 318 nisi
444 293 501 318 ex
537 279 757 318 communi
794 279 936 319 Fonte
971 280 1196 332 spirituali,
1233 280 1442 332 ducatum

186 347 368 400 proinde
406 347 510 387 Vita
550 345 749 387 Caelestis
791 347 846 386 ab
888 346 1056 388 Amore
1099 349 1312 401 Supoemi,
1352 351 1443 390 vita

185 421 333 455 autem
370 413 577 455 naturalis
606 427 631 454 a
662 415 857 467 principe
894 416 1056 465 mundi,
1092 418 1165 468 qui
1202 417 1341 458 sactus
1377 424 1443 458 est

187 483 303 523 Fons
326 483 522 522 medians
546 481 583 522 ἃ
605 481 816 535 copulans
837 483 973 523 vitam
995 490 1162 523 naturae
1182 499 1190 525 :
1237 486 1316 526 Cui
1340 486 1443 538 quia

185 551 330 591 anima
352 550 558 591 naturalis
580 551 718 590 indita
740 556 817 600 est,
831 564 982 591 omnes
1000 551 1072 600 illi,
1088 552 1161 605 qui
1179 552 1271 605 ejus
1292 554 1441 603 vitam,

184 617 350 670 absque
385 617 553 658 Amore
590 617 708 667 Caeli,
739 617 903 665 vivunt,
938 619 1074 659 vitam
1112 619 1367 670 naturalem,
1403 620 1441 661 ἃ

185 686 314 725 morti
335 686 614 738 resignatam,
636 692 797 737 agunt;
828 686 1021 738 proinde,
1044 688 1116 739 qui
1145 688 1372 739 Naturam,
1395 695 1442 729 ut

182 767 433 807 supremum
456 767 582 794 suurn
604 750 791 802 Numen,
815 753 974 803 colunt,
996 755 1138 808 ipsum
1161 755 1276 796 hunc
1305 757 1441 797 infen-

181 822 401 862 sissimum
426 822 531 863 Caeli
554 822 726 862 hostem
744 835 796 862 eo
813 822 932 862 cultu
951 823 1145 864 adorant.
1190 824 1321 877 Quod
1339 839 1440 866 vero

182 890 226 930 in
246 890 422 930 Animis
443 891 645 930 humanis
667 890 723 930 sit
744 891 887 942 ipsum
915 891 1007 943 ejus
1034 892 1186 940 cubile,
1210 893 1268 933 ob
1296 893 1439 943 finem,

182 964 230 999 ut
260 959 463 999 similiter
503 964 703 999 naturam
740 960 874 999 nostri
913 960 1064 1000 mundi
1098 963 1303 1014 corporei,
1339 976 1438 1002 cum

182 1027 287 1068 Vita
309 1027 496 1076 Caelesti,
518 1027 704 1080 copulet,
727 1027 770 1068 id
793 1027 968 1079 quidem
992 1028 1085 1081 ipse
1105 1029 1228 1079 celat,
1246 1036 1292 1070 ut
1314 1030 1439 1070 ludos

181 1109 283 1136 suos
315 1096 357 1135 in
389 1095 543 1135 umbra
575 1095 832 1145 intellectus,
864 1109 938 1136 seu
972 1097 1015 1136 in
1048 1097 1321 1150 ignoratione
1349 1112 1438 1138 suae

180 1164 349 1204 viciniae
385 1177 435 1204 ac
470 1165 725 1216 praesentiae,
756 1177 808 1204 eo
840 1165 1030 1205 securius
1064 1165 1213 1216 ludat;
1258 1165 1296 1205 ἃ
1333 1167 1438 1207 dum

181 1233 384 1285 proxime
415 1233 471 1272 ad
502 1232 614 1272 fores
647 1233 864 1273 Mentium
894 1233 1103 1274 excubias
1135 1234 1236 1287 agit,
1261 1248 1438 1275 omnem

181 1301 247 1341 sui
268 1301 469 1340 timorem
493 1301 689 1341 excutiat
708 1317 715 1342 :
747 1301 790 1341 id
811 1307 959 1342 tamen
981 1316 1081 1343 eum
1099 1303 1300 1352 delectat,
1319 1303 1438 1356 quod

182 1369 314 1421 aliqui
345 1382 444 1409 eum
475 1369 614 1421 digito
645 1370 768 1422 quasi
801 1377 1055 1420 monstrent,
1076 1372 1151 1411 sed
1180 1377 1328 1411 tamen
1350 1386 1438 1412 non

180 1443 376 1490 tangant,
393 1438 467 1490 qui
489 1437 652 1477 scilicet
673 1451 771 1478 eum
796 1439 983 1479 existere
1004 1446 1178 1492 negant,
1201 1442 1277 1481 sed
1301 1454 1438 1493 usque

180 1505 277 1546 loco
314 1505 406 1557 ejus
441 1505 654 1546 Animum
687 1520 825 1556 suum,
855 1506 1034 1560 ejusque
1066 1508 1278 1558 libidines,
1312 1509 1349 1549 ἃ
1381 1510 1436 1549 ad

179 1574 361 1614 crimina
379 1574 688 1626 proclivitates,
701 1575 981 1616 substituunt.
1024 1576 1117 1616 Nec
1131 1577 1438 1630 appercipitur,

180 1642 298 1695 quod
325 1643 368 1682 in
397 1643 492 1696 ipso
518 1643 686 1683 Animo
713 1643 913 1693 resideat,
943 1645 1023 1684 nisi
1052 1644 1107 1685 ab
1142 1645 1203 1694 iis,
1233 1647 1306 1698 qui
1337 1659 1436 1686 eum

179 1716 450 1763 oppugnant,
470 1710 507 1751 ἃ
525 1717 675 1751 contra
692 1711 908 1752 inversum
931 1712 1023 1765 ejus
1045 1713 1242 1753 ordinem
1265 1713 1436 1754 clavum

178 1780 384 1832 dirigunt,
400 1780 438 1820 ἃ
456 1780 516 1820 sic
534 1781 656 1833 quasi
674 1787 825 1821 contra
842 1787 1128 1834 tempestates
1149 1783 1245 1823 vela
1267 1783 1410 1824 ferunt
1427 1796 1436 1831 ;

179 1848 253 1901 qui
276 1849 391 1888 enim
413 1849 603 1888 secundo
626 1848 804 1889 flumine
826 1849 1042 1898 labuntur,
1058 1864 1214 1890 venam
1233 1853 1436 1892 torrentis

179 1917 393 1968 ignorant,
409 1931 531 1957 secus
553 1931 654 1957 vero
676 1918 749 1970 qui
770 1923 921 1958 contra
943 1918 1114 1958 alveum
1137 1919 1360 1971 nituntur;
1392 1921 1435 1960 hi

180 1984 273 2037 ejus
306 1986 617 2037 repugnantias
648 1986 852 2034 sentiunt,
881 1985 918 2026 ἃ
947 1986 981 2025 si
1010 1986 1161 2027 sedulo
1190 1989 1437 2038 attendunt,

179 2053 273 2105 ejus
307 2053 538 2094 manifesta
573 2067 794 2093 murmura
825 2053 1034 2104 audiunt;
1067 2068 1169 2095 nam
1203 2063 1437 2109 perpetuas

180 2121 348 2161 excitat
378 2135 559 2174 pugnas,
581 2128 794 2170 occentat,
820 2121 858 2162 ἃ
890 2123 1008 2163 mille
1039 2123 1364 2166 oblectamenta
1397 2125 1435 2166 &

178 2189 352 2238 fascina,
375 2196 450 2230 aut
473 2190 590 2230 mille
610 2190 756 2243 spinas
777 2189 815 2230 ἃ
845 2204 1073 2240 aerumnas,
1094 2191 1270 2244 objicit3
1300 2195 1436 2246 ipsas-

181 2271 266 2310 que
306 2257 413 2297 offas
450 2258 645 2298 faucibus
682 2258 774 2310 ejus
811 2258 992 2310 injectas
1029 2259 1096 2299 vel
1132 2260 1330 2312 deglutit,
1367 2262 1435 2302 vel

181 2325 344 2379 spumis
362 2325 592 2367 inviscatas
610 2327 792 2366 remittit
808 2339 816 2366 :
847 2327 903 2376 hi,
918 2327 1107 2380 inquam,
1122 2329 1435 2382 appercipiunt,
