1835 2672
338 157 379 181 22
585 145 769 181 CAPUT
798 144 1037 187 PRIMUM,
1073 144 1268 180 SECTJO
1300 145 1352 179 II.

336 244 573 294 seminulis,
598 258 696 298 quae
724 245 927 297 proxime
955 243 1048 296 ejus
1073 242 1347 296 superficiem
1377 242 1600 296 tegebant,

338 312 375 352 &
413 325 514 352 suos
549 317 670 352 ortus
708 310 1000 360 maturabant,
1036 310 1352 363 pulcherrimos
1385 309 1601 350 educebat

337 378 475 428 flores,
498 377 616 418 mille
646 377 795 417 formis
826 376 864 416 &
896 376 1114 417 coloribus
1146 376 1405 428 variegatos,
1425 381 1473 416 ut
1498 376 1601 416 toti-

336 449 437 488 dem
453 453 619 487 naturae
635 447 743 486 risus
759 445 797 486 Sc
813 445 1008 496 delitias3
1032 459 1134 485 nam
1150 444 1604 498 omniparensTellus‚

337 518 447 557 sicut
472 530 624 557 omnes
654 516 758 568 ejus,
788 529 896 568 quos
927 515 1210 568 parturiebat,
1240 513 1385 562 foetus,
1410 513 1600 567 primum

338 586 376 627 &
405 587 499 639 ipsa
527 585 750 633 vernabat,
775 584 812 624 ἃ
842 583 1168 633 efflorescebat;
1203 583 1241 624 &
1271 583 1449 636 quidem
1476 583 1603 622 tanta

337 656 504 697 decoris
527 655 750 703 varietate,
768 660 815 694 ut
837 654 1136 706 unusquisque
1158 652 1237 692 flos
1259 666 1358 692 cum
1382 652 1524 691 vicino
1546 651 1603 691 de

335 725 485 777 palma
524 724 768 765 venustatis
808 728 1020 772 certaret3
1068 735 1170 761 nam
1207 734 1296 761 non
1332 720 1476 773 potuit
1513 732 1601 759 non

335 793 703 847 perfectissimum
726 805 831 840 esse,
846 791 964 844 quod
983 790 1038 830 ab
1056 790 1150 843 ipso
1170 789 1387 837 Creatore,
1403 789 1600 828 omnium

336 862 652 915 perfectionum
672 860 824 908 Fonte,
840 859 1095 899 immediate
1113 858 1387 911 producitur;
1416 858 1477 897 ita
1495 863 1603 909 quot

338 937 460 972 erant
497 930 653 983 glebae,
690 929 872 968 diversis
911 927 1026 968 Solis
1067 927 1199 967 radiis
1238 927 1490 980 perstrictae,
1533 931 1602 966 tot

337 999 701 1042 efflorescentium
724 998 1050 1038 formositatum
1079 996 1314 1036 varietates
1341 995 1576 1036 veniebant
1596 1011 1604 1035 :

336 1071 430 1123 ipse
452 1069 585 1108 etiam
609 1067 776 1120 Aquilo
799 1067 887 1106 suis
909 1065 1088 1105 floribus
1114 1065 1391 1105 luxuriabat:
1424 1065 1500 1105 sed
1523 1063 1604 1104 hos

337 1136 508 1177 ovantis
542 1141 710 1175 naturae
743 1134 870 1174 ludos
902 1133 1030 1174 dictis
1063 1132 1101 1173 &
1135 1133 1325 1173 numeris
1357 1132 1606 1186 complecti,

336 1212 402 1246 est
424 1212 568 1246 totum
592 1205 685 1244 sine
707 1203 845 1243 limite
867 1203 1019 1243 orbem
1049 1215 1324 1255 percurrere;
1358 1215 1461 1242 nam
1491 1202 1604 1242 sicut

337 1275 636 1328 unusquisque
663 1286 814 1326 cespes
842 1285 966 1312 suam
996 1285 1156 1311 novam
1179 1271 1367 1311 formam
1390 1271 1602 1323 produce-

335 1345 424 1392 bat,
459 1344 519 1383 ita
556 1342 741 1395 quilibet
778 1340 1100 1394 progredientis
1131 1341 1243 1381 veris
1275 1353 1429 1392 passus
1460 1339 1604 1380 adhuc

338 1426 473 1453 novas
510 1410 771 1463 adjiciebat;
816 1410 905 1450 imo
942 1408 1164 1462 perplures
1201 1415 1356 1462 postea
1386 1422 1602 1462 nusquam

337 1482 463 1529 visas,
495 1480 660 1520 scilicet
696 1492 794 1532 quae
829 1478 1018 1518 fatorum
1055 1477 1171 1517 orbis
1208 1477 1351 1526 series,
1375 1477 1604 1529 ipsamque

339 1549 525 1590 universi
555 1554 769 1596 naturam,
788 1547 875 1586 suis
898 1546 1010 1586 soliis
1032 1545 1324 1586 diversimode
1347 1545 1602 1598 inscriptam

339 1618 547 1665 ferebant,
578 1616 615 1656 ἃ
646 1615 941 1664 ostentabant,
972 1628 1071 1666 quae
1104 1613 1268 1654 scilicet
1301 1613 1498 1663 stellatae,
1527 1619 1604 1654 aut

338 1687 517 1727 variatae
541 1685 656 1725 notis
679 1685 822 1738 ipsum
843 1683 1013 1725 Caelum
1031 1696 1129 1723 cum
1149 1683 1437 1736 interpunctis
1454 1683 1605 1723 sideri-

339 1756 432 1804 bus,
473 1767 660 1807 quaeque
700 1753 954 1793 flammeum
999 1752 1148 1793 Solem
1190 1765 1290 1792 cum
1332 1752 1421 1792 suis
1461 1752 1605 1800 radiis,

340 1825 519 1877 ejusque
553 1836 654 1863 cum
692 1821 869 1862 Tellure
901 1821 1052 1870 taedas,
1085 1827 1180 1861 tum
1214 1821 1347 1861 etiam
1380 1834 1478 1873 quae
1509 1820 1603 1861 caeli

342 1893 549 1941 Circulos,
571 1891 718 1943 aliquo
740 1889 885 1930 colore
909 1890 1152 1940 distinctos,
1174 1903 1274 1930 cum
1297 1891 1385 1930 suis
1410 1889 1603 1942 sphaeris,

341 1962 496 2015 quibus
513 1959 853 2013 superimposita
870 1965 984 1998 esset
1004 1958 1190 2007 Corona,
1206 1957 1603 2012 repraesentabant;

341 2037 448 2084 quot
477 2030 592 2069 enim
619 2028 824 2081 primitiae
852 2027 992 2077 Veris,
1013 2033 1080 2068 tot
1107 2027 1252 2068 lucida
1280 2025 1458 2080 specula,
1484 2039 1603 2066 com-

341 2099 549 2145 munium,
574 2097 612 2137 &
641 2103 708 2137 tot
736 2097 1147 2149 repraesentationes
1175 2096 1376 2144 fatorum,
1401 2095 1457 2135 ad
1486 2095 1602 2135 hunc

341 2168 462 2209 seriei
485 2165 804 2217 terminum(l).
853 2165 924 2205 Ita
946 2164 1095 2205 Tellus
1117 2165 1160 2204 in
1182 2165 1264 2205 hac
1287 2166 1363 2204 sua
1383 2164 1523 2217 prima
1544 2177 1601 2204 ex

388 2261 435 2305 (l)
465 2260 509 2295 Id
534 2260 571 2294 in
596 2258 895 2304 generationibus
919 2270 984 2303 per
1007 2258 1257 2293 successivam
1275 2258 1406 2292 seriem
1424 2257 1602 2300 oriundis,

339 2327 536 2353 commune
553 2322 621 2359 est,
638 2321 678 2349 ut
697 2315 769 2349 illae
787 2314 825 2348 in
843 2325 883 2349 se
903 2314 1024 2359 priora
1048 2321 1325 2359 repraesentent,
1343 2314 1375 2348 &
1398 2314 1603 2358 posteriora
