1783 2760
372 185 450 219 DE
483 185 743 230 CONJUGIO
775 185 1156 220 PRMIOGENJTI.
1349 194 1392 228 33

146 287 243 322 rant
267 295 276 332 ;
322 281 487 322 Anima
527 283 640 322 enirn
682 283 760 322 sua
802 282 987 322 Divinos
1030 282 1205 335 sapiunt
1250 281 1393 330 Fines,

147 350 299 390 Mente
319 364 421 390 vero
445 350 573 399 Usus,
598 349 635 390 ἃ
660 350 851 403 Corpore
881 349 1074 390 Effectus
1096 364 1105 400 ;
1137 349 1212 389 sed
1243 349 1394 402 volup-

144 423 283 458 tatem
317 418 549 458 effectuum
583 418 625 457 in
658 418 857 458 bonitate
887 431 1055 466 usuum,
1085 418 1122 458 81
1150 418 1393 458 bonitatem

144 500 299 526 usuum
336 487 378 525 in
415 486 621 526 felicitate
656 485 818 534 finium,
846 487 973 525 unice
1018 487 1292 539 percipiunt;
1333 487 1395 526 ita

142 555 258 594 enim
279 555 431 594 vivunt
460 554 661 607 Corpore,
684 561 731 595 ut
758 554 907 594 vivant
937 554 1109 594 Mentes
1140 554 1220 594 sub
1251 555 1394 607 specie

142 636 370 675 corporum
389 638 396 663 :
427 622 537 663 Cum
561 622 785 671 Caelicolis,
807 636 881 662 seu
905 623 1159 671 Nobiscum,
1182 629 1394 675 perpetua

137 690 327 742 jungunt
349 691 577 738 consortia,
596 704 697 731 nam
719 697 893 730 mutuos
912 691 1127 731 sociamus
1149 703 1392 739 sermones;

141 772 290 798 sumus
312 759 363 799 iis
384 758 569 808 oracula,
591 759 696 798 dum
717 759 992 804 consulimur,
1011 758 1049 799 ἃ
1073 759 1121 798 iis
1144 758 1393 811 perspicuas

141 827 197 866 de
233 826 354 867 Caelo
387 828 601 867 mittimus
636 833 800 867 sortes:
832 828 874 867 in
904 828 1075 866 summa
1097 827 1262 879 degunt
1287 827 1391 876 luce,

141 908 273 947 quam
296 894 413 935 nulla
434 894 668 947 interpolat
698 895 851 935 umbra
870 909 877 945 ;
913 909 991 935 nec
1014 895 1093 934 nisi
1114 908 1246 947 quam
1269 895 1392 935 Veri-

140 969 254 1003 tates
271 964 314 1003 in
331 963 471 1003 lucem
492 964 609 1003 illam
628 963 909 1013 descendunt,
924 977 1020 1015 quae
1038 964 1212 1015 pariunt
1230 963 1393 1003 Mentis

141 1042 289 1069 eorum
332 1029 635 1079 Intellectum;
666 1043 745 1069 nec
785 1030 865 1069 nisi
907 1042 1039 1082 quam
1081 1029 1307 1068 Bonitates
1349 1029 1391 1068 in

140 1097 246 1137 lucis
268 1098 380 1137 illius
402 1099 556 1147 radios,
581 1112 678 1150 quae
707 1098 904 1138 excitant
931 1098 1094 1137 Mentis
1121 1110 1268 1137 eorum
1301 1098 1392 1137 Vo-

138 1164 381 1216 luntatem;
412 1166 472 1206 ita
503 1172 716 1218 perpetuo
747 1166 943 1219 inspirati
975 1172 1141 1218 agunt:
1177 1166 1393 1217 Suprema

139 1234 254 1274 enim
277 1235 373 1284 Via,
396 1235 437 1274 in
461 1235 555 1284 illis,
573 1235 629 1275 ab
651 1235 817 1275 Anima
839 1236 881 1275 in
906 1236 1115 1283 Mentem,
1133 1235 1171 1275 &
1192 1234 1390 1282 vicissim,

138 1315 164 1341 a
201 1302 352 1343 Mente
389 1304 430 1342 in
455 1303 680 1353 Animam,
708 1317 784 1356 per
818 1304 1030 1344 Amorem
1070 1303 1189 1352 Caeli,
1225 1303 1392 1343 reclusa

139 1375 237 1418 stat,
267 1369 304 1410 ἃ
341 1369 432 1422 ejus
468 1371 777 1423 Intelligentiae
811 1371 906 1421 luci,
943 1371 980 1411 ἃ
1016 1371 1253 1424 Sapientiae
1290 1371 1391 1424 igni,

137 1438 344 1477 continuo
383 1444 530 1491 patet:
560 1438 717 1479 Altera
748 1453 849 1479 vero
886 1440 983 1488 Via,
1009 1453 1082 1479 seu
1121 1439 1307 1487 inferior,
1334 1438 1390 1478 ab

139 1505 305 1545 Animo
340 1507 382 1546 in
419 1507 627 1556 Mentem,
656 1507 717 1547 ita
751 1507 953 1548 obserata
987 1507 1025 1547 δι
1061 1508 1207 1547 clausa
1238 1514 1315 1555 est,
1344 1513 1392 1547 ut

139 1580 316 1623 naturae,
338 1588 392 1614 ne
426 1575 605 1627 quidam
638 1589 715 1628 per
747 1575 959 1625 rimulam,
984 1582 1134 1629 pateat
1162 1575 1391 1626 introitus3

138 1656 239 1682 nam
266 1642 401 1694 janua
433 1643 516 1692 illa,
537 1657 562 1683 a
591 1643 742 1684 Mente
763 1644 904 1684 solum
926 1645 1109 1684 vertitur
1130 1650 1390 1692 extrorsum,

136 1710 310 1760 scilicet,
336 1716 383 1750 ut
421 1710 607 1751 Caeleste
640 1711 808 1751 Lumen
845 1711 997 1752 influat
1032 1712 1074 1751 in
1105 1712 1327 1760 Naturale,
1351 1712 1389 1752 ἃ

137 1778 349 1818 Naturale
381 1792 596 1830 nusquam
628 1779 791 1827 refluat,
816 1779 853 1819 ἃ
882 1781 942 1819 sic
964 1780 1273 1832 permisceatur
1295 1779 1389 1820 Cae-

136 1846 255 1887 lesti:
289 1847 404 1886 Nam
440 1848 481 1886 in
514 1846 596 1886 illis
634 1847 929 1899 Intelligentia
961 1849 1061 1897 veri,
1089 1847 1127 1887 &
1163 1847 1390 1900 Sapientia

135 1914 249 1963 boni,
275 1928 300 1954 a
333 1915 473 1954 Fonte
506 1928 594 1963 suO,
623 1928 699 1967 per
732 1916 903 1955 unicam
939 1915 977 1955 ἃ
1010 1929 1163 1968 puram
1204 1915 1388 1964 Venam,

136 1982 288 2023 defluit
321 1983 363 2023 in
396 1989 623 2033 naturam;
656 1997 681 2023 a
715 1983 885 2023 Natura
913 1997 1026 2032 vero,
1060 1997 1284 2037 nusquam,
1308 1985 1389 2024 nisi

137 2051 331 2091 absterso
362 2051 476 2098 limo,
500 2052 554 2091 ad
589 2051 773 2092 eandem
804 2052 987 2101 Venam,
1010 2052 1047 2093 ἃ
1081 2052 1141 2092 sic
1173 2052 1228 2093 ad
1260 2066 1386 2093 suum

140 2119 337 2168 Fontem,
360 2120 480 2159 redit.

200 2196 286 2237 107.
318 2186 404 2227 Ast
425 2187 638 2228 contraria
657 2188 707 2228 iis
723 2187 812 2228 fata
834 2188 1047 2238 eveniunt,
1066 2188 1138 2241 qui
1161 2201 1247 2228 non
1269 2187 1385 2228 hunc

139 2253 360 2302 Ordinem,
379 2255 450 2307 qui
468 2262 533 2296 est
552 2256 680 2305 Vitze,
696 2256 771 2296 sed
792 2256 1019 2306 inversum,
1037 2257 1109 2309 qui
1132 2262 1196 2296 est
1219 2256 1386 2305 Mortis,

141 2329 239 2363 actu
281 2323 538 2375 instituunt;
579 2323 623 2364 hi
663 2324 706 2364 in
743 2324 920 2365 extimis
959 2331 1172 2378 apparent
1207 2324 1384 2377 quidem
