1835 2672
314 128 378 162 108
509 127 693 162 CAPUT
722 127 1044 170 SECUNDUM,
1079 125 1275 161 SECTIO
1308 126 1382 161 III.

312 228 347 268 is
385 228 467 268 nisi
502 227 785 276 illuminatus,
822 225 928 267 nihil
959 226 1107 275 videt3
1151 225 1306 266 claude
1339 223 1461 264 illum
1496 222 1584 263 suis

311 297 544 351 palpebris,
580 296 617 337 8(
659 297 883 350 percipies,
922 296 1040 348 quod
1074 296 1218 348 ipsum
1252 293 1399 333 lumen
1432 292 1489 332 sit
1520 293 1584 332 vis

312 365 386 406 illa
416 366 572 414 activa,
595 379 693 418 quae
723 365 837 410 facit,
870 371 918 404 ut
947 364 1041 416 ejus
1071 362 1481 410 discriminationeS,
1507 374 1583 401 seu

312 434 527 487 imagines
551 434 589 474 8(
612 434 797 486 objecta,
822 433 1069 486 perspicias.
1134 431 1222 472 Sed
1245 430 1328 471 hoc
1351 430 1497 470 lumen
1519 435 1586 470 est

315 503 442 552 Solis,
472 503 658 543 alterum
687 516 790 542 vero
821 501 1005 547 Lumen,
1035 501 1103 540 cui
1135 502 1225 540 vita
1260 500 1383 545 inest,
1415 513 1471 539 ex
1500 500 1588 552 qua

316 572 619 625 Intelligentia
648 572 832 624 ipsaque
859 576 936 610 tua
966 570 1107 618 Mens,
1131 569 1253 621 cujus
1282 569 1410 609 officii
1440 574 1587 621 partes

313 641 454 681 credis
483 654 577 681 esse
607 647 717 689 tuam,
750 653 804 679 ne
832 645 939 692 puta
972 638 1016 678 id
1050 638 1129 678 tibi
1165 638 1318 686 inesse,
1347 637 1385 678 8(
1419 651 1506 677 non
1542 637 1586 677 in

316 710 595 750 Intellectum
625 716 762 757 tuum,
791 709 903 749 sicut
938 707 1123 748 alterurn
1160 706 1330 747 Lumen
1360 707 1403 746 in
1431 707 1587 755 visum,

313 779 488 829 inferri;
535 779 652 818 unde
688 778 922 825 bonitates,
957 789 1066 828 quas
1103 775 1239 815 sentis
1277 774 1315 815 &
1353 775 1587 816 discernis!

316 862 422 888 num
446 862 502 887 ex
526 854 569 888 te
591 846 659 887 vel
683 860 740 886 6)(
757 845 886 896 caelo;
920 845 963 885 id
981 852 1104 885 tuum
1124 858 1210 884 non
1230 850 1306 893 est,
1322 858 1401 884 nec
1418 850 1586 894 caetera‚

315 931 414 970 quae
447 916 559 965 inde,
592 922 640 956 ut
672 929 729 955 ex
763 915 851 955 suis
881 914 1116 967 principiis,
1150 913 1419 961 formantur;
1452 926 1587 953 unum

315 987 432 1026 enim
469 985 678 1025 continua
713 984 822 1024 serie
860 984 1033 1023 ducitur
1064 982 1120 1022 ab
1153 982 1300 1030 altero,
1334 982 1408 1034 qui
1440 982 1517 1022 dat
1549 981 1588 1022 8(

316 1056 428 1108 regit
460 1068 607 1103 unum,
641 1054 676 1093 is
714 1053 791 1093 dat
824 1052 862 1092 &
899 1053 1009 1105 regit
1040 1052 1240 1100 alterurn,
1278 1064 1381 1091 nam
1419 1051 1507 1100 dat,
1541 1057 1589 1091 ut

316 1145 502 1180 alimentis
532 1157 599 1190 per
627 1145 753 1189 gulam
783 1143 961 1188 ingestis;
999 1149 1078 1177 tum
1108 1143 1221 1177 etiam
1250 1154 1273 1176 a
1303 1142 1444 1187 spiritu,
1474 1142 1536 1188 qui
1568 1154 1590 1177 a

318 1201 509 1236 Cerebello
528 1201 564 1234 in
584 1200 695 1234 fibras
711 1200 788 1244 ejus
802 1199 939 1244 jugiter
953 1198 1176 1232 infunditur:
1206 1197 1281 1242 Ipsi
1296 1197 1411 1231 nostri
1428 1197 1589 1231 Musculi

317 1269 339 1291 a
366 1257 475 1291 simili
502 1257 631 1301 spiritu
657 1256 695 1289 in
721 1255 833 1288 fibras
860 1254 1033 1288 moti·ices
1058 1254 1215 1298 illapso3
1241 1253 1293 1286 ita
1313 1264 1388 1286 non
1410 1264 1432 1286 a
1455 1264 1504 1297 se,
1524 1252 1591 1287 sed

316 1325 339 1347 a
379 1313 415 1346 vi
453 1312 681 1346 extrinsecus
715 1310 949 1354 appellente3
991 1309 1218 1343 extrinsecus
1253 1308 1397 1351 dicitur,
1432 1309 1510 1343 sive
1543 1308 1589 1343 de

317 1368 507 1413 superiori,
526 1367 603 1401 sive
629 1367 675 1401 de
703 1366 877 1408 inferiori,
895 1374 973 1399 tum
998 1365 1111 1399 etiam
1138 1365 1167 1398 si
1194 1364 1240 1398 de
1266 1364 1441 1406 interiori,
1460 1364 1590 1408 influit,

318 1424 351 1458 8(
370 1424 421 1458 sic
440 1434 514 1456 non
534 1423 629 1456 inest
647 1433 669 1455 a
689 1432 748 1455 se:
775 1432 861 1454 cum
875 1431 961 1454 vero
975 1420 1030 1453 vis
1045 1420 1124 1453 haec
1139 1419 1305 1464 jungitur
1319 1419 1376 1453 vel
1390 1419 1591 1463 adaptatur

317 1479 505 1524 potentiae,
536 1478 567 1512 &
598 1477 679 1511 haec
710 1476 762 1510 ita
791 1476 922 1520 agitur,
953 1482 1040 1510 tunc
1072 1475 1276 1518 simulatur,
1304 1481 1483 1519 tanquam
1511 1475 1590 1509 sola

317 1534 486 1580 potentia
507 1545 549 1567 ex
576 1544 615 1567 se
641 1538 777 1576 ageret,
795 1543 883 1565 nam
908 1532 943 1565 vi
969 1531 1105 1573 activa,
1124 1537 1162 1565 ut
1189 1530 1302 1565 causa
1327 1530 1536 1575 principali,
1554 1531 1590 1564 vi

318 1590 477 1636 passivae
497 1596 536 1623 ut
558 1599 680 1623 causae
705 1587 975 1622 instrumentali
997 1586 1137 1631 juncta,
1157 1587 1278 1620 ambae
1300 1597 1413 1619 unam
1437 1597 1591 1620 causam

319 1646 540 1681 efficientem
583 1644 823 1686 constituunt,
858 1643 945 1688 quia
987 1642 1097 1676 simul
1139 1648 1253 1686 agunt
1273 1654 1280 1682 3
1322 1653 1450 1676 verum
1491 1642 1591 1686 quod

318 1708 500 1746 separatae
534 1700 618 1743 sint,
649 1699 681 1733 &
713 1698 875 1742 separari
909 1704 1058 1742 queant,
1090 1698 1138 1731 ab
1169 1697 1341 1731 omnibus
1371 1697 1451 1741 jam
1481 1697 1590 1732 dictis

320 1762 497 1800 apparet:
525 1765 638 1800 quare
656 1754 781 1788 omnia
798 1760 925 1787 nostra
943 1753 1096 1787 Viscera
1120 1752 1153 1786 8(
1181 1753 1331 1796 Organa
1358 1752 1394 1785 in
1416 1763 1455 1786 se
1480 1753 1591 1787 nudae

320 1813 497 1856 potentiae
519 1818 615 1853 sunt,
634 1810 671 1843 id
695 1816 761 1853 est,
780 1810 882 1853 quod
893 1809 1041 1853 possint
1063 1819 1181 1853 agere,
1200 1808 1266 1841 sed
1284 1819 1355 1841 non
1377 1819 1484 1850 exse,
1502 1819 1591 1841 nam

321 1867 397 1901 vim
424 1879 528 1901 suam
553 1874 654 1901 extra
681 1877 719 1900 se
745 1866 803 1899 vel
829 1865 1038 1907 admittent,
1064 1864 1121 1897 vel
1147 1863 1378 1904 invitabunt;
1409 1863 1512 1907 sique
1537 1863 1591 1897 in-

321 1924 449 1967 vitant,
476 1929 532 1957 est
558 1923 629 1956 alia
659 1922 714 1955 vis
740 1928 841 1956 extra
868 1921 940 1963 illa,
968 1931 1051 1964 quae
1069 1919 1168 1962 facit,
1194 1925 1234 1953 ut
1260 1918 1415 1952 invitare
1440 1925 1590 1963 queant,

323 1979 417 2013 sicut
436 1979 532 2012 actio
558 1978 778 2011 Pulmonum
804 1987 867 2010 seu
892 1975 1095 2020 respiratio,
1114 1981 1175 2008 aut
1200 1974 1328 2008 similis
1352 1974 1450 2015 alia;
1475 1985 1591 2008 unum

323 2034 423 2068 enim
441 2034 489 2067 ab
508 2033 580 2066 alio
599 2033 746 2077 pendet,
766 2032 859 2065 sicut
878 2038 1009 2065 catena
1030 2042 1052 2064 a
1078 2030 1153 2064 suis
1179 2029 1284 2063 uncis
1310 2036 1372 2063 aut
1399 2030 1590 2071 catenulis,

324 2089 356 2123 8(
375 2089 500 2123 omnia
518 2100 540 2122 a
559 2099 624 2122 suo
642 2088 761 2132 primo
777 2100 784 2128 3
812 2098 879 2121 nec
895 2087 1094 2132 quicquam
1112 2085 1211 2119 aliud
1230 2096 1252 2118 a
1270 2084 1393 2129 seipso
1411 2092 1589 2128 movetur,

324 2156 371 2179 ne
406 2145 556 2189 quidem
590 2144 698 2187 ignis,
733 2143 834 2187 quod
866 2142 962 2176 infra
996 2140 1318 2175 demonstrabitur.
1382 2141 1521 2174 Verum
1549 2147 1590 2175 ut

324 2211 454 2234 omnes
472 2200 647 2245 potentiae
666 2199 790 2233 formis
810 2199 885 2232 suis
904 2198 1166 2232 convenienter
1183 2196 1394 2239 excitentur,
1410 2202 1463 2230 tot
1482 2196 1590 2231 Vires

323 2256 455 2290 activae
481 2261 616 2289 creatae
642 2260 737 2297 sunt,
762 2260 850 2299 quot
876 2253 1050 2299 potentiis
1076 2252 1167 2294 istis,
1187 2262 1269 2296 quae
1294 2251 1492 2295 patiuntur,
1511 2261 1589 2285 cor-

324 2311 581 2356 respondeant.
