<?xml version="1.0" encoding="UTF-8"?>
<!DOCTYPE html PUBLIC "-//W3C//DTD XHTML 1.0 Transitional//EN"
    "http://www.w3.org/TR/xhtml1/DTD/xhtml1-transitional.dtd">
<html xmlns="http://www.w3.org/1999/xhtml" xml:lang="en" lang="en">
 <head>
  <title>
</title>
<meta http-equiv="Content-Type" content="text/html;charset=utf-8" />
  <meta name='ocr-system' content='tesseract 3.04.00' />
  <meta name='ocr-capabilities' content='ocr_page ocr_carea ocr_par ocr_line ocrx_word'/>
</head>
<body>
  <div class='ocr_page' id='page_1' title='image "./parsprimadecultu00swed_0191.png"; bbox 0 0 1783 2760; ppageno 0'>
   <div class='ocr_carea' id='block_1_1' title="bbox 498 187 1494 231">
    <p class='ocr_par' dir='ltr' id='par_1_1' title="bbox 498 187 1494 231">
     <span class='ocr_line' id='line_1_1' title="bbox 498 187 1494 231; baseline -0.001 -10"><span class='ocrx_word' id='word_1_1' title='bbox 498 187 577 221; x_wconf 87' lang='lat' dir='ltr'>DE</span> <span class='ocrx_word' id='word_1_2' title='bbox 609 187 808 221; x_wconf 78' lang='lat' dir='ltr'><em>AMORE</em></span> <span class='ocrx_word' id='word_1_3' title='bbox 840 187 1016 221; x_wconf 76' lang='lat' dir='ltr'><em>PRIMO</em></span> <span class='ocrx_word' id='word_1_4' title='bbox 1023 187 1225 222; x_wconf 83' lang='lat' dir='ltr'><em>GENJTJ.</em></span> <span class='ocrx_word' id='word_1_5' title='bbox 1430 196 1494 231; x_wconf 84' lang='lat'>179</span> 
     </span>
    </p>
   </div>
   <div class='ocr_carea' id='block_1_2' title="bbox 233 284 1495 2395">
    <p class='ocr_par' dir='ltr' id='par_1_2' title="bbox 236 284 1492 613">
     <span class='ocr_line' id='line_1_2' title="bbox 237 284 1491 337; baseline -0.001 -12"><span class='ocrx_word' id='word_1_6' title='bbox 237 285 373 334; x_wconf 90' lang='lat' dir='ltr'>limes,</span> <span class='ocrx_word' id='word_1_7' title='bbox 397 291 471 325; x_wconf 92' lang='lat' dir='ltr'>aut</span> <span class='ocrx_word' id='word_1_8' title='bbox 493 284 745 333; x_wconf 80' lang='lat' dir='ltr'>scabellum,</span> <span class='ocrx_word' id='word_1_9' title='bbox 767 285 954 336; x_wconf 89' lang='lat' dir='ltr'>pedibus</span> <span class='ocrx_word' id='word_1_10' title='bbox 977 286 1114 325; x_wconf 84' lang='lat' dir='ltr'>nostri</span> <span class='ocrx_word' id='word_1_11' title='bbox 1137 285 1329 333; x_wconf 87' lang='lat' dir='ltr'>Amoris,</span> <span class='ocrx_word' id='word_1_12' title='bbox 1353 285 1426 337; x_wconf 89' lang='lat' dir='ltr'>qui</span> <span class='ocrx_word' id='word_1_13' title='bbox 1451 286 1491 324; x_wconf 89' lang='lat' dir='ltr'>in</span> 
     </span>
     <span class='ocr_line' id='line_1_3' title="bbox 239 353 1491 407; baseline -0.001 -13"><span class='ocrx_word' id='word_1_14' title='bbox 239 354 418 407; x_wconf 85' lang='lat' dir='ltr'>Olympi</span> <span class='ocrx_word' id='word_1_15' title='bbox 452 355 516 393; x_wconf 90' lang='lat' dir='ltr'>sui</span> <span class='ocrx_word' id='word_1_16' title='bbox 549 353 657 392; x_wconf 89' lang='lat' dir='ltr'>solio</span> <span class='ocrx_word' id='word_1_17' title='bbox 691 353 850 393; x_wconf 78' lang='lat' dir='ltr'>residet</span> <span class='ocrx_word' id='word_1_18' title='bbox 880 360 1133 406; x_wconf 76' lang='lat' dir='ltr'><strong>regnatque,</strong></span> <span class='ocrx_word' id='word_1_19' title='bbox 1164 354 1419 405; x_wconf 89' lang='lat' dir='ltr'>subjicitur:</span> <span class='ocrx_word' id='word_1_20' title='bbox 1451 354 1491 393; x_wconf 91' lang='lat' dir='ltr'>in</span> 
     </span>
     <span class='ocr_line' id='line_1_4' title="bbox 236 422 1492 475; baseline -0.001 -13"><span class='ocrx_word' id='word_1_21' title='bbox 236 423 365 462; x_wconf 89' lang='lat' dir='ltr'>simili</span> <span class='ocrx_word' id='word_1_22' title='bbox 401 422 544 475; x_wconf 86' lang='lat' dir='ltr'>effigie</span> <span class='ocrx_word' id='word_1_23' title='bbox 578 422 721 461; x_wconf 86' lang='lat' dir='ltr'>Amor</span> <span class='ocrx_word' id='word_1_24' title='bbox 753 428 900 461; x_wconf 89' lang='lat' dir='ltr'>noster</span> <span class='ocrx_word' id='word_1_25' title='bbox 930 422 972 461; x_wconf 90' lang='lat' dir='ltr'>in</span> <span class='ocrx_word' id='word_1_26' title='bbox 1004 422 1222 462; x_wconf 87' lang='lat' dir='ltr'>Mentium</span> <span class='ocrx_word' id='word_1_27' title='bbox 1247 429 1492 462; x_wconf 82' lang='lat' dir='ltr'>nostrarum</span> 
     </span>
     <span class='ocr_line' id='line_1_5' title="bbox 238 490 1492 545; baseline -0.001 -14"><span class='ocrx_word' id='word_1_28' title='bbox 238 492 451 545; x_wconf 78' lang='lat' dir='ltr'>OlympiS,</span> <span class='ocrx_word' id='word_1_29' title='bbox 496 491 732 543; x_wconf 88' lang='lat' dir='ltr'>subjugato</span> <span class='ocrx_word' id='word_1_30' title='bbox 771 490 949 539; x_wconf 86' lang='lat' dir='ltr'>Animo,</span> <span class='ocrx_word' id='word_1_31' title='bbox 993 498 1356 543; x_wconf 77' lang='lat' dir='ltr'>repraesentatur3</span> <span class='ocrx_word' id='word_1_32' title='bbox 1390 505 1492 530; x_wconf 89' lang='lat' dir='ltr'>nam</span> 
     </span>
     <span class='ocr_line' id='line_1_6' title="bbox 237 560 1189 613; baseline -0.002 -13"><span class='ocrx_word' id='word_1_33' title='bbox 237 561 423 613; x_wconf 84' lang='lat' dir='ltr'>effigiem</span> <span class='ocrx_word' id='word_1_34' title='bbox 447 561 582 600; x_wconf 86' lang='lat' dir='ltr'>totius</span> <span class='ocrx_word' id='word_1_35' title='bbox 607 560 713 600; x_wconf 73' lang='lat' dir='ltr'>Caeli</span> <span class='ocrx_word' id='word_1_36' title='bbox 738 560 780 599; x_wconf 91' lang='lat' dir='ltr'>in</span> <span class='ocrx_word' id='word_1_37' title='bbox 804 560 930 599; x_wconf 85' lang='lat' dir='ltr'>nobis</span> <span class='ocrx_word' id='word_1_38' title='bbox 952 567 1189 612; x_wconf 87' lang='lat' dir='ltr'>portamus.</span> 
     </span>
    </p>

    <p class='ocr_par' dir='ltr' id='par_1_3' title="bbox 233 628 1495 2395">
     <span class='ocr_line' id='line_1_7' title="bbox 294 628 1493 681; baseline -0.001 -13"><span class='ocrx_word' id='word_1_39' title='bbox 294 630 358 679; x_wconf 80' lang='lat'>83.</span> <span class='ocrx_word' id='word_1_40' title='bbox 390 629 489 681; x_wconf 84' lang='lat' dir='ltr'>Jarn</span> <span class='ocrx_word' id='word_1_41' title='bbox 527 630 659 668; x_wconf 83' lang='lat' dir='ltr'>etiarn</span> <span class='ocrx_word' id='word_1_42' title='bbox 698 628 791 681; x_wconf 88' lang='lat' dir='ltr'>ejus</span> <span class='ocrx_word' id='word_1_43' title='bbox 825 629 1062 668; x_wconf 88' lang='lat' dir='ltr'>Famulitia</span> <span class='ocrx_word' id='word_1_44' title='bbox 1092 641 1314 667; x_wconf 88' lang='lat' dir='ltr'>recensere</span> <span class='ocrx_word' id='word_1_45' title='bbox 1336 628 1493 677; x_wconf 82' lang='lat' dir='ltr'>veli1n3</span> 
     </span>
     <span class='ocr_line' id='line_1_8' title="bbox 235 697 1494 750; baseline -0.001 -13"><span class='ocrx_word' id='word_1_46' title='bbox 235 698 354 750; x_wconf 88' lang='lat' dir='ltr'>quod</span> <span class='ocrx_word' id='word_1_47' title='bbox 397 712 474 750; x_wconf 90' lang='lat' dir='ltr'>pro</span> <span class='ocrx_word' id='word_1_48' title='bbox 511 697 681 749; x_wconf 74' lang='lat' dir='ltr'>Copula</span> <span class='ocrx_word' id='word_1_49' title='bbox 722 697 935 750; x_wconf 68' lang='lat' dir='ltr'>spirituali</span> <span class='ocrx_word' id='word_1_50' title='bbox 975 698 1086 736; x_wconf 89' lang='lat' dir='ltr'>inter</span> <span class='ocrx_word' id='word_1_51' title='bbox 1126 704 1287 736; x_wconf 80' lang='lat' dir='ltr'>nostrae</span> <span class='ocrx_word' id='word_1_52' title='bbox 1330 697 1494 737; x_wconf 85' lang='lat' dir='ltr'>Mentis</span> 
     </span>
     <span class='ocr_line' id='line_1_9' title="bbox 237 765 1491 818; baseline -0.001 -12"><span class='ocrx_word' id='word_1_53' title='bbox 237 766 417 813; x_wconf 84' lang='lat' dir='ltr'>Caelum,</span> <span class='ocrx_word' id='word_1_54' title='bbox 442 767 479 806; x_wconf 66' lang='grc' dir='ltr'>ἃ</span> <span class='ocrx_word' id='word_1_55' title='bbox 518 767 630 805; x_wconf 90' lang='lat' dir='ltr'>inter</span> <span class='ocrx_word' id='word_1_56' title='bbox 665 766 882 805; x_wconf 87' lang='lat' dir='ltr'>Mundum</span> <span class='ocrx_word' id='word_1_57' title='bbox 918 780 992 805; x_wconf 92' lang='lat' dir='ltr'>seu</span> <span class='ocrx_word' id='word_1_58' title='bbox 1028 766 1242 805; x_wconf 77' lang='lat' dir='ltr'><strong>Naturam</strong></span> <span class='ocrx_word' id='word_1_59' title='bbox 1275 765 1491 818; x_wconf 74' lang='lat' dir='ltr'>Corporis,</span> 
     </span>
     <span class='ocr_line' id='line_1_10' title="bbox 236 834 1495 887; baseline -0.002 -12"><span class='ocrx_word' id='word_1_60' title='bbox 236 836 453 882; x_wconf 81' lang='lat' dir='ltr'>inserviat,</span> <span class='ocrx_word' id='word_1_61' title='bbox 478 849 534 875; x_wconf 83' lang='lat' dir='ltr'>ex</span> <span class='ocrx_word' id='word_1_62' title='bbox 559 835 788 887; x_wconf 83' lang='lat' dir='ltr'>colloquiis</span> <span class='ocrx_word' id='word_1_63' title='bbox 811 836 968 874; x_wconf 89' lang='lat' dir='ltr'>nostris</span> <span class='ocrx_word' id='word_1_64' title='bbox 991 835 1045 874; x_wconf 93' lang='lat' dir='ltr'>de</span> <span class='ocrx_word' id='word_1_65' title='bbox 1072 834 1145 874; x_wconf 90' lang='lat' dir='ltr'>illo</span> <span class='ocrx_word' id='word_1_66' title='bbox 1167 848 1298 887; x_wconf 86' lang='lat' dir='ltr'>supra</span> <span class='ocrx_word' id='word_1_67' title='bbox 1320 834 1495 882; x_wconf 85' lang='lat' dir='ltr'>habitis,</span> 
     </span>
     <span class='ocr_line' id='line_1_11' title="bbox 233 904 1495 956; baseline -0.001 -13"><span class='ocrx_word' id='word_1_68' title='bbox 233 905 324 956; x_wconf 87' lang='lat' dir='ltr'>jam</span> <span class='ocrx_word' id='word_1_69' title='bbox 361 904 440 944; x_wconf 89' lang='lat' dir='ltr'>tibi</span> <span class='ocrx_word' id='word_1_70' title='bbox 468 905 573 944; x_wconf 87' lang='lat' dir='ltr'>satis</span> <span class='ocrx_word' id='word_1_71' title='bbox 602 910 802 943; x_wconf 77' lang='lat' dir='ltr'>constare</span> <span class='ocrx_word' id='word_1_72' title='bbox 825 904 942 953; x_wconf 86' lang='lat' dir='ltr'>scio;</span> <span class='ocrx_word' id='word_1_73' title='bbox 973 910 1130 956; x_wconf 77' lang='lat' dir='ltr'>praeest</span> <span class='ocrx_word' id='word_1_74' title='bbox 1153 904 1269 942; x_wconf 87' lang='lat' dir='ltr'>enirn</span> <span class='ocrx_word' id='word_1_75' title='bbox 1293 904 1495 943; x_wconf 84' lang='lat' dir='ltr'>omnibus</span> 
     </span>
     <span class='ocr_line' id='line_1_12' title="bbox 238 971 1494 1024; baseline -0.001 -12"><span class='ocrx_word' id='word_1_76' title='bbox 238 973 389 1019; x_wconf 80' lang='lat' dir='ltr'>Fibris,</span> <span class='ocrx_word' id='word_1_77' title='bbox 413 987 510 1024; x_wconf 76' lang='lat' dir='ltr'>quae</span> <span class='ocrx_word' id='word_1_78' title='bbox 534 973 575 1011; x_wconf 92' lang='lat' dir='ltr'>in</span> <span class='ocrx_word' id='word_1_79' title='bbox 601 973 802 1012; x_wconf 85' lang='lat' dir='ltr'>Membra</span> <span class='ocrx_word' id='word_1_80' title='bbox 835 972 872 1012; x_wconf 68' lang='grc' dir='ltr'>δι</span> <span class='ocrx_word' id='word_1_81' title='bbox 906 971 1088 1024; x_wconf 80' lang='lat' dir='ltr'>Organa</span> <span class='ocrx_word' id='word_1_82' title='bbox 1121 972 1255 1011; x_wconf 90' lang='lat' dir='ltr'>totius</span> <span class='ocrx_word' id='word_1_83' title='bbox 1291 972 1494 1024; x_wconf 83' lang='lat' dir='ltr'>Corporis</span> 
     </span>
     <span class='ocr_line' id='line_1_13' title="bbox 237 1039 1494 1093; baseline -0.001 -13"><span class='ocrx_word' id='word_1_84' title='bbox 237 1054 262 1080; x_wconf 90' lang='lat' dir='ltr'>a</span> <span class='ocrx_word' id='word_1_85' title='bbox 283 1040 406 1080; x_wconf 89' lang='lat' dir='ltr'>nobis</span> <span class='ocrx_word' id='word_1_86' title='bbox 429 1041 630 1080; x_wconf 79' lang='lat' dir='ltr'>demissae</span> <span class='ocrx_word' id='word_1_87' title='bbox 650 1047 749 1080; x_wconf 86' lang='lat' dir='ltr'>sunt</span> <span class='ocrx_word' id='word_1_88' title='bbox 770 1055 776 1089; x_wconf 89' lang='lat'>;</span> <span class='ocrx_word' id='word_1_89' title='bbox 800 1039 885 1080; x_wconf 83' lang='lat' dir='ltr'>illae</span> <span class='ocrx_word' id='word_1_90' title='bbox 903 1047 1003 1087; x_wconf 84' lang='lat' dir='ltr'>sunt</span> <span class='ocrx_word' id='word_1_91' title='bbox 1021 1040 1112 1092; x_wconf 87' lang='lat' dir='ltr'>ejus</span> <span class='ocrx_word' id='word_1_92' title='bbox 1127 1040 1320 1088; x_wconf 81' lang='lat' dir='ltr'>habenae,</span> <span class='ocrx_word' id='word_1_93' title='bbox 1337 1042 1494 1093; x_wconf 88' lang='lat' dir='ltr'>quibus</span> 
     </span>
     <span class='ocr_line' id='line_1_14' title="bbox 238 1108 1494 1162; baseline 0.001 -14"><span class='ocrx_word' id='word_1_94' title='bbox 238 1109 354 1148; x_wconf 91' lang='lat' dir='ltr'>hunc</span> <span class='ocrx_word' id='word_1_95' title='bbox 398 1116 592 1149; x_wconf 87' lang='lat' dir='ltr'>nostrum</span> <span class='ocrx_word' id='word_1_96' title='bbox 635 1109 860 1157; x_wconf 85' lang='lat' dir='ltr'>mundum,</span> <span class='ocrx_word' id='word_1_97' title='bbox 897 1108 934 1148; x_wconf 67' lang='grc' dir='ltr'>ἃ</span> <span class='ocrx_word' id='word_1_98' title='bbox 971 1108 1063 1160; x_wconf 89' lang='lat' dir='ltr'>ejus</span> <span class='ocrx_word' id='word_1_99' title='bbox 1098 1116 1313 1157; x_wconf 89' lang='lat' dir='ltr'>naturam,</span> <span class='ocrx_word' id='word_1_100' title='bbox 1357 1110 1494 1162; x_wconf 90' lang='lat' dir='ltr'>regit:</span> 
     </span>
     <span class='ocr_line' id='line_1_15' title="bbox 239 1176 1495 1230; baseline 0.001 -13"><span class='ocrx_word' id='word_1_101' title='bbox 239 1178 422 1230; x_wconf 86' lang='lat' dir='ltr'>proinde</span> <span class='ocrx_word' id='word_1_102' title='bbox 462 1179 593 1217; x_wconf 87' lang='lat' dir='ltr'>etiam</span> <span class='ocrx_word' id='word_1_103' title='bbox 630 1177 835 1217; x_wconf 86' lang='lat' dir='ltr'>fibrarum</span> <span class='ocrx_word' id='word_1_104' title='bbox 880 1176 1073 1229; x_wconf 83' lang='lat' dir='ltr'>Spiritui,</span> <span class='ocrx_word' id='word_1_105' title='bbox 1105 1185 1152 1217; x_wconf 90' lang='lat' dir='ltr'>ut</span> <span class='ocrx_word' id='word_1_106' title='bbox 1194 1177 1231 1217; x_wconf 83' lang='lat'>&amp;</span> <span class='ocrx_word' id='word_1_107' title='bbox 1271 1177 1495 1229; x_wconf 81' lang='lat' dir='ltr'>Sanguini.</span> 
     </span>
     <span class='ocr_line' id='line_1_16' title="bbox 241 1246 1494 1299; baseline 0 -13"><span class='ocrx_word' id='word_1_108' title='bbox 241 1247 321 1286; x_wconf 87' lang='lat' dir='ltr'>Ille</span> <span class='ocrx_word' id='word_1_109' title='bbox 357 1248 505 1299; x_wconf 85' lang='lat' dir='ltr'>itaque</span> <span class='ocrx_word' id='word_1_110' title='bbox 539 1253 616 1294; x_wconf 88' lang='lat' dir='ltr'>est,</span> <span class='ocrx_word' id='word_1_111' title='bbox 643 1246 715 1298; x_wconf 89' lang='lat' dir='ltr'>qui</span> <span class='ocrx_word' id='word_1_112' title='bbox 749 1259 901 1285; x_wconf 83' lang='lat' dir='ltr'>omn-es</span> <span class='ocrx_word' id='word_1_113' title='bbox 934 1246 1146 1298; x_wconf 77' lang='lat' dir='ltr'>imagines</span> <span class='ocrx_word' id='word_1_114' title='bbox 1171 1246 1208 1285; x_wconf 68' lang='grc' dir='ltr'>δε</span> <span class='ocrx_word' id='word_1_115' title='bbox 1232 1247 1398 1293; x_wconf 88' lang='lat' dir='ltr'>modos,</span> <span class='ocrx_word' id='word_1_116' title='bbox 1421 1248 1494 1299; x_wconf 90' lang='lat' dir='ltr'>qui</span> 
     </span>
     <span class='ocr_line' id='line_1_17' title="bbox 239 1314 1495 1367; baseline 0.001 -13"><span class='ocrx_word' id='word_1_117' title='bbox 239 1330 295 1355; x_wconf 83' lang='lat' dir='ltr'>ex</span> <span class='ocrx_word' id='word_1_118' title='bbox 332 1315 532 1354; x_wconf 90' lang='lat' dir='ltr'>universo</span> <span class='ocrx_word' id='word_1_119' title='bbox 569 1315 662 1367; x_wconf 89' lang='lat' dir='ltr'>ejus</span> <span class='ocrx_word' id='word_1_120' title='bbox 696 1314 879 1362; x_wconf 82' lang='lat' dir='ltr'>Mundo,</span> <span class='ocrx_word' id='word_1_121' title='bbox 903 1328 979 1367; x_wconf 91' lang='lat' dir='ltr'>per</span> <span class='ocrx_word' id='word_1_122' title='bbox 1002 1314 1181 1366; x_wconf 78' lang='lat' dir='ltr'>Organa</span> <span class='ocrx_word' id='word_1_123' title='bbox 1204 1316 1406 1363; x_wconf 90' lang='lat' dir='ltr'>sensoria,</span> <span class='ocrx_word' id='word_1_124' title='bbox 1430 1330 1495 1355; x_wconf 86' lang='lat' dir='ltr'>se-</span> 
     </span>
     <span class='ocr_line' id='line_1_18' title="bbox 238 1383 1494 1435; baseline -0.001 -12"><span class='ocrx_word' id='word_1_125' title='bbox 238 1384 430 1423; x_wconf 90' lang='lat' dir='ltr'>cundum</span> <span class='ocrx_word' id='word_1_126' title='bbox 468 1383 610 1432; x_wconf 86' lang='lat' dir='ltr'>fibras,</span> <span class='ocrx_word' id='word_1_127' title='bbox 645 1383 699 1423; x_wconf 87' lang='lat' dir='ltr'>ad</span> <span class='ocrx_word' id='word_1_128' title='bbox 739 1383 983 1434; x_wconf 87' lang='lat' dir='ltr'>Olympum</span> <span class='ocrx_word' id='word_1_129' title='bbox 1019 1390 1217 1422; x_wconf 88' lang='lat' dir='ltr'>nostrum</span> <span class='ocrx_word' id='word_1_130' title='bbox 1250 1391 1494 1435; x_wconf 90' lang='lat' dir='ltr'>surrepunt,</span> 
     </span>
     <span class='ocr_line' id='line_1_19' title="bbox 238 1451 1495 1504; baseline 0 -13"><span class='ocrx_word' id='word_1_131' title='bbox 238 1452 429 1504; x_wconf 87' lang='lat' dir='ltr'>hospitio</span> <span class='ocrx_word' id='word_1_132' title='bbox 453 1452 617 1504; x_wconf 81' lang='lat' dir='ltr'>recipit,</span> <span class='ocrx_word' id='word_1_133' title='bbox 641 1451 750 1491; x_wconf 83' lang='lat' dir='ltr'>&amp;iis</span> <span class='ocrx_word' id='word_1_134' title='bbox 777 1465 833 1490; x_wconf 82' lang='lat' dir='ltr'>ex</span> <span class='ocrx_word' id='word_1_135' title='bbox 866 1451 1045 1491; x_wconf 89' lang='lat' dir='ltr'>arbitrio</span> <span class='ocrx_word' id='word_1_136' title='bbox 1078 1457 1227 1491; x_wconf 90' lang='lat' dir='ltr'>nostro</span> <span class='ocrx_word' id='word_1_137' title='bbox 1263 1452 1387 1491; x_wconf 88' lang='lat' dir='ltr'>sedes</span> <span class='ocrx_word' id='word_1_138' title='bbox 1422 1453 1495 1491; x_wconf 90' lang='lat' dir='ltr'>tri-</span> 
     </span>
     <span class='ocr_line' id='line_1_20' title="bbox 237 1520 1493 1572; baseline 0 -11"><span class='ocrx_word' id='word_1_139' title='bbox 237 1522 342 1570; x_wconf 85' lang='lat' dir='ltr'>buit,</span> <span class='ocrx_word' id='word_1_140' title='bbox 367 1520 404 1560; x_wconf 86' lang='lat'>&amp;</span> <span class='ocrx_word' id='word_1_141' title='bbox 438 1521 480 1560; x_wconf 91' lang='lat' dir='ltr'>in</span> <span class='ocrx_word' id='word_1_142' title='bbox 515 1520 688 1560; x_wconf 88' lang='lat' dir='ltr'>ordines</span> <span class='ocrx_word' id='word_1_143' title='bbox 723 1520 945 1572; x_wconf 80' lang='lat' dir='ltr'>disponit3</span> <span class='ocrx_word' id='word_1_144' title='bbox 978 1520 1078 1559; x_wconf 90' lang='lat' dir='ltr'>inde</span> <span class='ocrx_word' id='word_1_145' title='bbox 1109 1520 1201 1572; x_wconf 90' lang='lat' dir='ltr'>ejus</span> <span class='ocrx_word' id='word_1_146' title='bbox 1227 1521 1424 1572; x_wconf 87' lang='lat' dir='ltr'>operatio</span> <span class='ocrx_word' id='word_1_147' title='bbox 1457 1521 1493 1561; x_wconf 62' lang='grc' dir='ltr'>ἃ</span> 
     </span>
     <span class='ocr_line' id='line_1_21' title="bbox 238 1588 1495 1641; baseline -0.001 -12"><span class='ocrx_word' id='word_1_148' title='bbox 238 1589 438 1630; x_wconf 89' lang='lat' dir='ltr'>activitas</span> <span class='ocrx_word' id='word_1_149' title='bbox 461 1588 619 1628; x_wconf 89' lang='lat' dir='ltr'>dicitur</span> <span class='ocrx_word' id='word_1_150' title='bbox 642 1589 919 1640; x_wconf 88' lang='lat' dir='ltr'>Imaginatio,</span> <span class='ocrx_word' id='word_1_151' title='bbox 943 1588 1010 1627; x_wconf 92' lang='lat' dir='ltr'>cui</span> <span class='ocrx_word' id='word_1_152' title='bbox 1043 1595 1192 1628; x_wconf 88' lang='lat' dir='ltr'>nostra</span> <span class='ocrx_word' id='word_1_153' title='bbox 1223 1602 1332 1641; x_wconf 84' lang='lat' dir='ltr'>pura</span> <span class='ocrx_word' id='word_1_154' title='bbox 1354 1589 1495 1641; x_wconf 68' lang='lat' dir='ltr'>‘Cogi—</span> 
     </span>
     <span class='ocr_line' id='line_1_22' title="bbox 236 1657 1494 1710; baseline 0 -13"><span class='ocrx_word' id='word_1_155' title='bbox 236 1659 346 1698; x_wconf 84' lang='lat' dir='ltr'>tatio</span> <span class='ocrx_word' id='word_1_156' title='bbox 369 1663 526 1710; x_wconf 73' lang='lat' dir='ltr'>praeest</span> <span class='ocrx_word' id='word_1_157' title='bbox 550 1657 587 1696; x_wconf 64' lang='grc' dir='ltr'>ἃ</span> <span class='ocrx_word' id='word_1_158' title='bbox 610 1657 923 1709; x_wconf 84' lang='lat' dir='ltr'>correspondet</span> <span class='ocrx_word' id='word_1_159' title='bbox 944 1670 951 1696; x_wconf 73' lang='grc' dir='ltr'>ε</span> <span class='ocrx_word' id='word_1_160' title='bbox 982 1657 1081 1696; x_wconf 89' lang='lat' dir='ltr'>ideo</span> <span class='ocrx_word' id='word_1_161' title='bbox 1111 1657 1167 1696; x_wconf 91' lang='lat' dir='ltr'>ab</span> <span class='ocrx_word' id='word_1_162' title='bbox 1194 1671 1245 1697; x_wconf 92' lang='lat' dir='ltr'>eo</span> <span class='ocrx_word' id='word_1_163' title='bbox 1269 1657 1494 1707; x_wconf 87' lang='lat' dir='ltr'>resultant,</span> 
     </span>
     <span class='ocr_line' id='line_1_23' title="bbox 238 1727 1494 1781; baseline 0 -13"><span class='ocrx_word' id='word_1_164' title='bbox 238 1728 275 1768; x_wconf 69' lang='lat' dir='ltr'>Sc</span> <span class='ocrx_word' id='word_1_165' title='bbox 298 1742 374 1781; x_wconf 94' lang='lat' dir='ltr'>per</span> <span class='ocrx_word' id='word_1_166' title='bbox 396 1741 495 1767; x_wconf 90' lang='lat' dir='ltr'>eum</span> <span class='ocrx_word' id='word_1_167' title='bbox 518 1728 574 1767; x_wconf 88' lang='lat' dir='ltr'>ad</span> <span class='ocrx_word' id='word_1_168' title='bbox 607 1741 685 1767; x_wconf 92' lang='lat' dir='ltr'>nos</span> <span class='ocrx_word' id='word_1_169' title='bbox 714 1727 965 1776; x_wconf 87' lang='lat' dir='ltr'>referuntur,</span> <span class='ocrx_word' id='word_1_170' title='bbox 987 1741 1139 1767; x_wconf 91' lang='lat' dir='ltr'>omnes</span> <span class='ocrx_word' id='word_1_171' title='bbox 1172 1728 1256 1767; x_wconf 82' lang='lat' dir='ltr'>illae</span> <span class='ocrx_word' id='word_1_172' title='bbox 1288 1728 1494 1769; x_wconf 87' lang='lat' dir='ltr'>Oblecta-</span> 
     </span>
     <span class='ocr_line' id='line_1_24' title="bbox 236 1795 1495 1849; baseline 0 -12"><span class='ocrx_word' id='word_1_173' title='bbox 236 1798 386 1845; x_wconf 88' lang='lat' dir='ltr'>tiones,</span> <span class='ocrx_word' id='word_1_174' title='bbox 403 1810 500 1849; x_wconf 80' lang='lat' dir='ltr'>quae</span> <span class='ocrx_word' id='word_1_175' title='bbox 523 1810 547 1836; x_wconf 87' lang='lat' dir='ltr'>a</span> <span class='ocrx_word' id='word_1_176' title='bbox 572 1796 741 1836; x_wconf 86' lang='lat' dir='ltr'>Mundo</span> <span class='ocrx_word' id='word_1_177' title='bbox 764 1795 856 1848; x_wconf 88' lang='lat' dir='ltr'>ejus</span> <span class='ocrx_word' id='word_1_178' title='bbox 873 1810 950 1848; x_wconf 85' lang='lat' dir='ltr'>per</span> <span class='ocrx_word' id='word_1_179' title='bbox 969 1795 1186 1836; x_wconf 84' lang='lat' dir='ltr'>Sensuum</span> <span class='ocrx_word' id='word_1_180' title='bbox 1205 1797 1318 1836; x_wconf 90' lang='lat' dir='ltr'>fores</span> <span class='ocrx_word' id='word_1_181' title='bbox 1333 1798 1495 1837; x_wconf 87' lang='lat' dir='ltr'>insinu-</span> 
     </span>
     <span class='ocr_line' id='line_1_25' title="bbox 237 1865 1493 1917; baseline 0 -11"><span class='ocrx_word' id='word_1_182' title='bbox 237 1873 374 1914; x_wconf 87' lang='lat' dir='ltr'>antur,</span> <span class='ocrx_word' id='word_1_183' title='bbox 395 1866 431 1905; x_wconf 85' lang='lat'>&amp;</span> <span class='ocrx_word' id='word_1_184' title='bbox 454 1879 479 1905; x_wconf 91' lang='lat' dir='ltr'>a</span> <span class='ocrx_word' id='word_1_185' title='bbox 500 1866 540 1904; x_wconf 85' lang='lat' dir='ltr'>vi</span> <span class='ocrx_word' id='word_1_186' title='bbox 561 1865 652 1916; x_wconf 91' lang='lat' dir='ltr'>ejus</span> <span class='ocrx_word' id='word_1_187' title='bbox 669 1865 996 1917; x_wconf 87' lang='lat' dir='ltr'>imaginationis</span> <span class='ocrx_word' id='word_1_188' title='bbox 1011 1866 1309 1914; x_wconf 83' lang='lat' dir='ltr'>excuduntur;</span> <span class='ocrx_word' id='word_1_189' title='bbox 1331 1867 1493 1906; x_wconf 84' lang='lat' dir='ltr'>exinde</span> 
     </span>
     <span class='ocr_line' id='line_1_26' title="bbox 237 1932 1493 1986; baseline 0 -12"><span class='ocrx_word' id='word_1_190' title='bbox 237 1934 344 1983; x_wconf 81' lang='lat' dir='ltr'>fluit,</span> <span class='ocrx_word' id='word_1_191' title='bbox 365 1935 483 1986; x_wconf 91' lang='lat' dir='ltr'>quod</span> <span class='ocrx_word' id='word_1_192' title='bbox 508 1933 599 1985; x_wconf 89' lang='lat' dir='ltr'>ejus</span> <span class='ocrx_word' id='word_1_193' title='bbox 624 1933 710 1972; x_wconf 89' lang='lat' dir='ltr'>sint</span> <span class='ocrx_word' id='word_1_194' title='bbox 738 1946 890 1972; x_wconf 92' lang='lat' dir='ltr'>omnes</span> <span class='ocrx_word' id='word_1_195' title='bbox 921 1932 1211 1985; x_wconf 84' lang='lat' dir='ltr'>Cupiditates,</span> <span class='ocrx_word' id='word_1_196' title='bbox 1233 1941 1327 1974; x_wconf 88' lang='lat' dir='ltr'>tum</span> <span class='ocrx_word' id='word_1_197' title='bbox 1361 1936 1493 1974; x_wconf 87' lang='lat' dir='ltr'>etiam</span> 
     </span>
     <span class='ocr_line' id='line_1_27' title="bbox 237 2001 1494 2055; baseline 0 -12"><span class='ocrx_word' id='word_1_198' title='bbox 237 2003 532 2055; x_wconf 83' lang='lat' dir='ltr'>Appetentiae,</span> <span class='ocrx_word' id='word_1_199' title='bbox 552 2015 650 2053; x_wconf 69' lang='lat' dir='ltr'>quae</span> <span class='ocrx_word' id='word_1_200' title='bbox 673 2001 727 2040; x_wconf 90' lang='lat' dir='ltr'>ab</span> <span class='ocrx_word' id='word_1_201' title='bbox 750 2001 915 2053; x_wconf 87' lang='lat' dir='ltr'>origine</span> <span class='ocrx_word' id='word_1_202' title='bbox 934 2015 1011 2041; x_wconf 89' lang='lat' dir='ltr'>sua</span> <span class='ocrx_word' id='word_1_203' title='bbox 1034 2002 1237 2042; x_wconf 89' lang='lat' dir='ltr'>dicuntur</span> <span class='ocrx_word' id='word_1_204' title='bbox 1260 2003 1494 2043; x_wconf 89' lang='lat' dir='ltr'>Naturales</span> 
     </span>
     <span class='ocr_line' id='line_1_28' title="bbox 239 2069 1494 2122; baseline 0.001 -12"><span class='ocrx_word' id='word_1_205' title='bbox 239 2071 276 2110; x_wconf 86' lang='lat'>&amp;</span> <span class='ocrx_word' id='word_1_206' title='bbox 293 2071 548 2122; x_wconf 79' lang='lat' dir='ltr'>Corporeae;</span> <span class='ocrx_word' id='word_1_207' title='bbox 568 2070 623 2109; x_wconf 88' lang='lat' dir='ltr'>ab</span> <span class='ocrx_word' id='word_1_208' title='bbox 642 2071 691 2109; x_wconf 91' lang='lat' dir='ltr'>iis</span> <span class='ocrx_word' id='word_1_209' title='bbox 706 2069 797 2122; x_wconf 89' lang='lat' dir='ltr'>jam</span> <span class='ocrx_word' id='word_1_210' title='bbox 814 2077 1047 2122; x_wconf 89' lang='lat' dir='ltr'>erumpunt</span> <span class='ocrx_word' id='word_1_211' title='bbox 1064 2071 1194 2111; x_wconf 82' lang='lat' dir='ltr'>variae</span> <span class='ocrx_word' id='word_1_212' title='bbox 1210 2071 1494 2119; x_wconf 81' lang='lat' dir='ltr'>Affectiones,</span> 
     </span>
     <span class='ocr_line' id='line_1_29' title="bbox 240 2138 1493 2190; baseline 0.001 -11"><span class='ocrx_word' id='word_1_213' title='bbox 240 2140 388 2179; x_wconf 89' lang='lat' dir='ltr'>Motus</span> <span class='ocrx_word' id='word_1_214' title='bbox 413 2139 449 2178; x_wconf 66' lang='grc' dir='ltr'>ἃ</span> <span class='ocrx_word' id='word_1_215' title='bbox 475 2138 714 2185; x_wconf 88' lang='lat' dir='ltr'>Passiones,</span> <span class='ocrx_word' id='word_1_216' title='bbox 737 2151 835 2190; x_wconf 83' lang='lat' dir='ltr'>quae</span> <span class='ocrx_word' id='word_1_217' title='bbox 857 2138 1011 2178; x_wconf 85' lang='lat' dir='ltr'>Animi</span> <span class='ocrx_word' id='word_1_218' title='bbox 1033 2146 1270 2188; x_wconf 88' lang='lat' dir='ltr'>vocantur;</span> <span class='ocrx_word' id='word_1_219' title='bbox 1304 2154 1405 2179; x_wconf 89' lang='lat' dir='ltr'>nam</span> <span class='ocrx_word' id='word_1_220' title='bbox 1428 2147 1493 2180; x_wconf 92' lang='lat' dir='ltr'>to-</span> 
     </span>
     <span class='ocr_line' id='line_1_30' title="bbox 238 2207 1492 2259; baseline -0.001 -11"><span class='ocrx_word' id='word_1_221' title='bbox 238 2209 374 2248; x_wconf 91' lang='lat' dir='ltr'>tidem</span> <span class='ocrx_word' id='word_1_222' title='bbox 409 2214 509 2247; x_wconf 89' lang='lat' dir='ltr'>sunt</span> <span class='ocrx_word' id='word_1_223' title='bbox 547 2208 814 2247; x_wconf 87' lang='lat' dir='ltr'>mutationes</span> <span class='ocrx_word' id='word_1_224' title='bbox 848 2212 987 2246; x_wconf 89' lang='lat' dir='ltr'>status</span> <span class='ocrx_word' id='word_1_225' title='bbox 1014 2208 1116 2246; x_wconf 78' lang='lat' dir='ltr'>vitae</span> <span class='ocrx_word' id='word_1_226' title='bbox 1147 2207 1238 2259; x_wconf 90' lang='lat' dir='ltr'>ejus</span> <span class='ocrx_word' id='word_1_227' title='bbox 1260 2207 1492 2258; x_wconf 85' lang='lat' dir='ltr'>Amorum,</span> 
     </span>
     <span class='ocr_line' id='line_1_31' title="bbox 238 2274 1492 2328; baseline 0 -12"><span class='ocrx_word' id='word_1_228' title='bbox 238 2290 312 2316; x_wconf 85' lang='lat' dir='ltr'>seu</span> <span class='ocrx_word' id='word_1_229' title='bbox 349 2276 652 2328; x_wconf 89' lang='lat' dir='ltr'>Cupiditatum</span> <span class='ocrx_word' id='word_1_230' title='bbox 674 2290 681 2325; x_wconf 91' lang='lat'>;</span> <span class='ocrx_word' id='word_1_231' title='bbox 725 2274 965 2314; x_wconf 86' lang='lat' dir='ltr'>secundum</span> <span class='ocrx_word' id='word_1_232' title='bbox 1006 2274 1160 2315; x_wconf 88' lang='lat' dir='ltr'>harum</span> <span class='ocrx_word' id='word_1_233' title='bbox 1205 2283 1404 2315; x_wconf 91' lang='lat' dir='ltr'>naturam</span> <span class='ocrx_word' id='word_1_234' title='bbox 1451 2278 1492 2316; x_wconf 87' lang='lat' dir='ltr'>in</span> 
     </span>
     <span class='ocr_line' id='line_1_32' title="bbox 238 2344 1493 2395; baseline 0.001 -11"><span class='ocrx_word' id='word_1_235' title='bbox 238 2345 464 2384; x_wconf 88' lang='lat' dir='ltr'>horribiles</span> <span class='ocrx_word' id='word_1_236' title='bbox 500 2344 595 2384; x_wconf 88' lang='lat' dir='ltr'>illas</span> <span class='ocrx_word' id='word_1_237' title='bbox 632 2344 804 2392; x_wconf 79' lang='lat' dir='ltr'>formas,</span> <span class='ocrx_word' id='word_1_238' title='bbox 836 2356 944 2395; x_wconf 90' lang='lat' dir='ltr'>quas</span> <span class='ocrx_word' id='word_1_239' title='bbox 983 2344 1115 2383; x_wconf 91' lang='lat' dir='ltr'>modo</span> <span class='ocrx_word' id='word_1_240' title='bbox 1151 2345 1309 2392; x_wconf 85' lang='lat' dir='ltr'>vidisti,</span> <span class='ocrx_word' id='word_1_241' title='bbox 1343 2345 1413 2384; x_wconf 88' lang='lat' dir='ltr'>ille</span> <span class='ocrx_word' id='word_1_242' title='bbox 1448 2360 1493 2385; x_wconf 89' lang='lat' dir='ltr'>se</span> 
     </span>
    </p>
   </div>
  </div>
 </body>
</html>
