1835 2672
322 184 385 218 118
513 183 697 219 CAPUT
725 184 1044 229 SECUNDUM,
1078 183 1274 219 SECTJO
1307 183 1381 218 Ill.

318 281 356 322 &
398 281 614 330 occidunt,
652 281 690 322 ἃ
727 281 926 322 similiter
960 282 1318 323 circumscribunt
1353 294 1443 321 suae
1478 279 1579 320 vitae

317 350 565 400 curriculos,
584 356 716 404 atque
734 357 891 404 putant
909 365 987 391 sua
1003 357 1203 404 tempora
1224 350 1262 391 ἃ
1285 350 1427 404 spatia
1443 363 1453 400 ;
1484 362 1580 402 per-

316 432 402 471 que
424 432 524 459 suas
546 418 721 460 AEtates
744 433 790 459 se
810 419 933 472 quasi
957 420 999 460 in
1023 419 1116 472 ejus
1143 420 1365 460 AEstatem
1395 417 1433 458 &
1457 418 1581 471 Hye-

316 500 446 536 mem‚
470 493 559 536 aut,
580 487 615 527 si
644 487 762 536 velis,
785 487 827 527 in
860 487 953 540 ejus
983 487 1100 527 diem
1128 501 1178 527 ac
1206 487 1420 535 umbram,
1441 491 1581 526 trans-

315 556 514 607 cribunt;
546 556 681 596 verbo
704 556 853 596 omnia
875 562 977 596 sunt
993 556 1110 596 velut
1132 570 1278 609 parvae
1302 555 1464 608 effigies
1486 553 1579 606 ejus

316 637 500 678 magnae.
565 623 653 665 Sed
682 624 788 674 haec,
811 625 921 665 sicut
947 624 1113 665 dictum
1143 630 1221 674 est,
1244 637 1330 665 non
1358 629 1458 664 sunt
1485 622 1579 676 ejus

316 691 527 740 Luminis,
551 692 631 732 nisi
655 691 784 731 simul
808 691 901 744 ejus
926 691 1105 740 Caloris,
1129 692 1318 733 effectus.

373 759 438 812 63.
477 760 567 801 Sed
612 760 705 813 jam
746 759 1034 800 obvolvamus
1073 760 1229 801 Visum
1272 760 1408 801 nostri
1449 758 1602 801 Oculi‘

315 830 509 882 quodam
541 830 665 882 quasi
695 829 839 882 peplo,
862 828 899 869 ἃ
929 829 1044 869 hunc
1076 829 1330 869 Paradisum
1359 842 1458 869 cum
1491 828 1578 868 suis

315 898 677 947 formositatibus,
699 898 742 938 in
772 898 1004 951 splendore
1035 897 1163 951 hujus
1195 897 1382 947 luminis,
1407 897 1577 938 tamdiu

316 966 625 1019 relinquamus,
658 966 763 1006 dum
801 966 987 1007 alterum
1023 981 1098 1007 seu
1132 966 1377 1015 Caelestem,
1407 966 1579 1020 puriore

314 1036 420 1085 visu,
444 1036 504 1075 sic
536 1035 623 1075 alio
655 1034 831 1085 lumine,
858 1035 1119 1076 lustremus:
1149 1035 1254 1076 bina
1284 1034 1358 1075 illa
1388 1035 1578 1075 Lumina

314 1105 447 1145 etiam
479 1118 525 1144 se
558 1118 584 1144 a
613 1110 770 1145 mutuo
806 1111 1042 1158 conspectu
1079 1111 1238 1158 sponte
1275 1109 1502 1144 removent
1539 1102 1578 1144 &

314 1173 601 1223 abscondunt,
618 1187 669 1214 ac
687 1187 821 1213 unum
839 1172 1022 1214 alterum
1043 1174 1166 1226 quasi
1189 1173 1232 1213 in
1254 1172 1409 1213 umbra
1428 1172 1554 1226 ponit
1573 1189 1581 1214 2

314 1256 461 1283 nonne
497 1243 590 1296 ipse
623 1248 833 1296 expertus
865 1256 922 1292 es,
957 1243 1062 1282 dum
1098 1243 1155 1283 ab
1190 1256 1277 1282 uno
1314 1243 1357 1282 in
1392 1242 1578 1282 alterum

314 1311 598 1361 transcendis,
613 1311 736 1364 ,quod
755 1312 847 1364 ipse
867 1311 1043 1361 Oculus,
1060 1318 1271 1365 tanquam
1295 1312 1337 1352 id
1356 1312 1579 1361 consciret,

314 1394 360 1420 se
381 1380 476 1421 visu
498 1394 577 1420 suo
599 1380 736 1429 orbet,
761 1387 836 1421 aut
858 1381 977 1433 quod
1001 1381 1129 1421 Mens
1151 1381 1207 1421 ab
1232 1381 1464 1421 intuitione
1486 1381 1579 1434 ejus

317 1447 606 1501 Objectorum
635 1462 680 1489 se
709 1449 938 1490 abstrahat
968 1448 1006 1489 ἃ
1035 1450 1250 1502 surripiat,
1271 1450 1332 1490 sic
1359 1456 1406 1490 ut
1435 1450 1577 1503 ipsum

316 1516 422 1557 illud
444 1517 598 1570 Magni
627 1517 731 1557 solis
759 1517 907 1558 lumen
937 1518 1183 1558 involvatur
1210 1518 1333 1570 quasi
1362 1518 1578 1558 tenebris:

314 1586 520 1626 Vicissim
543 1586 676 1626 etiam
699 1585 782 1626 hoc
805 1585 963 1636 lumen,
988 1587 1092 1627 dum
1117 1587 1172 1626 ad
1200 1586 1389 1627 Oculum
1419 1586 1458 1627 81
1486 1586 1578 1640 ejus

314 1655 432 1695 visus
473 1654 649 1708 objecta
692 1655 933 1703 descendis,
979 1655 1150 1696 Lumen
1192 1655 1365 1696 caeleste
1405 1654 1444 1696 ἃ
1485 1655 1578 1708 ejus

315 1723 490 1776 objecta
512 1724 728 1774 obscurat,
750 1738 829 1765 nec
851 1724 956 1765 illud
980 1725 1022 1764 in
1049 1725 1243 1765 nativam
1270 1738 1395 1765 suam
1425 1726 1578 1766 recidit

315 1793 596 1846 opacitatem,
629 1793 885 1847 priusquam
922 1795 1075 1846 aperta
1107 1794 1230 1846 quasi
1257 1793 1404 1846 janua,
1433 1794 1579 1847 fulgur

316 1862 422 1902 illud
447 1860 554 1902 Caeli
577 1863 828 1903 interiorem
849 1862 912 1903 tui
930 1863 1061 1903 Visus
1079 1876 1296 1903 cameram
1315 1863 1575 1917 perstringit.

320 1930 420 1970 Hoc
456 1930 622 1971 indicat
656 1930 693 1970 &
732 1931 845 1971 clare
882 1931 1168 1981 demonstrat,
1204 1931 1322 1984 quod
1355 1931 1459 1972 bina
1491 1932 1577 1973 sint

318 1998 520 2047 Lumina,
545 2012 720 2052 prorsus
747 2000 860 2041 inter
891 2014 938 2040 se
970 2000 1188 2050 distincta,
1218 2000 1256 2040 ἃ
1289 2000 1377 2040 suis
1412 2002 1578 2042 naturis

317 2068 514 2118 diversa;
545 2068 755 2121 quodque
784 2083 919 2110 unum
954 2084 1042 2110 non
1076 2069 1203 2110 facile
1235 2070 1366 2110 intret
1398 2070 1577 2111 alterius

316 2136 468 2177 cubile.
527 2136 735 2178 Declarat
765 2139 910 2189 etiam,
936 2139 1054 2191 quod
1087 2138 1254 2180 Caelum
1282 2138 1389 2178 nihil
1424 2146 1578 2180 mutuo

315 2205 503 2258 accipiat
524 2219 549 2245 a
578 2205 740 2246 lumine
772 2207 898 2257 Solis,
923 2214 969 2248 ut
998 2208 1080 2248 sibi
1108 2207 1261 2256 luceat,
1284 2207 1359 2248 sed
1389 2209 1523 2249 modo
1551 2223 1578 2250 a

317 2280 490 2315 suomet
513 2273 629 2324 Sole,
648 2275 763 2315 unde
786 2289 917 2316 omne
938 2290 1064 2317 suum
1087 2276 1241 2317 haurit.
1305 2277 1350 2319 Si
1373 2277 1575 2328 Lumina,

317 2343 451 2384 etiam
484 2342 666 2394 Effecta,
693 2344 900 2386 distincta
929 2351 1066 2396 erunt,
1096 2359 1198 2386 nam
1229 2345 1409 2387 effectus
1443 2359 1575 2388 unam
