1835 2672
375 156 419 199 78
584 156 767 191 CAPUT
795 156 1117 201 SECUNDUM
1155 157 1349 191 SECTJO
1381 156 1434 191 II.

373 254 503 303 tione,
519 254 811 307 percenseatis
833 268 896 303 ea,
914 268 1011 307 quae
1029 260 1156 295 extra
1178 261 1289 303 sunt,
1315 254 1352 294 ἃ
1375 254 1637 303 universum,

375 323 494 375 quod
518 337 597 363 nos
619 323 937 371 circumambit,
961 337 1010 363 ac
1040 323 1379 363 innumerabiles
1406 323 1639 363 varietates

378 391 485 432 Caeli
518 391 555 432 ἃ
588 391 773 432 Telluris
807 392 1028 441 Paradisi;
1059 392 1223 432 interea
1258 398 1304 432 ut
1339 392 1487 432 omnia
1523 391 1640 431 intus

376 461 456 501 rite
478 461 702 511 obeantur,
724 461 877 500 vestris
898 462 1127 501 conatibus
1150 461 1348 512 favendo,
1374 462 1471 501 mea
1494 467 1641 501 mente

376 530 650 583 prospiciam.
713 530 873 570 Vestro
906 530 1144 578 arbitratui,
1168 544 1266 570 cum
1294 531 1433 577 venia,
1456 530 1641 583 surripui

378 600 510 639 etiam
534 599 779 638 inferiorem
803 599 924 638 illum
949 599 1135 649 Ludum,
1158 613 1289 652 quem
1311 599 1495 639 Veneris
1518 612 1643 638 exer-

377 668 577 707 citiorum
605 668 869 720 palaestram,
893 667 1130 720 appellant,
1155 681 1208 707 ne
1241 667 1350 707 forte
1380 681 1403 708 a
1436 666 1642 720 nymphis

378 737 531 776 vestris
573 738 780 776 excitatae
822 738 941 788 <tunc
982 737 1024 775 in
1067 736 1246 784 Vernas,
1288 750 1385 788 quae
1427 736 1469 775 in
1514 736 1643 776 Ideas

377 806 700 846 transformatae
738 804 1088 853 circumstabant,
1127 804 1291 844 lumina
1327 819 1404 844 sua
1436 804 1639 857 conjecit)

379 888 456 926 per
480 875 658 913 nimiam
688 874 811 913 istius
840 873 1000 913 amoris
1029 873 1359 926 indulgentiam,
1383 874 1484 913 vitae
1512 874 1642 913 vestri

382 943 586 995 Corporis
604 942 799 982 fomenta
823 941 1129 994 exstinguatis.
1148 942 1186 981 ἃ
1210 942 1353 994 Regni
1377 943 1510 981 nostri
1532 943 1643 982 vires

381 1011 650 1051 exhauriatis
676 1025 683 1051 :
733 1024 894 1059 verum,
935 1011 1046 1050 sicut
1087 1010 1179 1050 Vos
1222 1010 1499 1050 observantia
1538 1010 1643 1049 mihi

381 1081 544 1128 favetis,
578 1080 707 1120 velim
746 1086 890 1119 vestra
925 1086 1039 1127 vota,
1074 1078 1111 1119 ἃ
1143 1085 1383 1119 vestratum
1415 1079 1644 1128 lubentias,

380 1150 448 1189 his
470 1149 706 1198 blanditiis,
724 1150 855 1189 etiam
874 1149 1063 1188 condire.
1108 1149 1349 1188 Dimidium
1368 1149 1500 1188 etiam
1521 1149 1644 1188 vobis

381 1220 423 1259 in
457 1219 690 1258 Pulmones
722 1218 893 1258 clavum
926 1218 1132 1266 concedo,
1156 1224 1203 1258 ut
1236 1218 1277 1257 in
1311 1224 1477 1257 naturae
1509 1217 1645 1257 nostri

381 1289 585 1340 Corporis
608 1288 817 1340 regimine
840 1287 1004 1339 aliquid
1023 1287 1206 1327 habenae
1232 1286 1269 1326 &
1288 1286 1397 1339 juris
1419 1287 1643 1337 habeatis;

379 1371 480 1397 nam
509 1357 564 1396 ad
597 1357 840 1402 Pulmones,
866 1363 912 1396 ut
942 1356 996 1396 ad
1026 1370 1260 1396 commune
1289 1356 1442 1405 forum,
1466 1369 1642 1395 omnem

381 1426 654 1478 sanguinem,
675 1424 875 1465 ultimam
899 1439 924 1464 a
953 1438 1024 1464 me
1045 1425 1247 1465 sortitum
1269 1425 1417 1474 vitam,
1439 1425 1644 1465 condixi:

382 1501 484 1535 sunt
507 1495 639 1534 etiam
663 1493 735 1541 illi,
759 1494 832 1546 qui
855 1507 1006 1533 omnes
1029 1507 1182 1546 operas
1204 1500 1374 1533 nostras
1404 1494 1643 1547 organicas,

383 1565 425 1604 in
456 1578 533 1603 sua
562 1563 714 1612 officia,
745 1563 957 1602 excitant.
1021 1562 1234 1602 Praeterea
1263 1562 1532 1615 amplificum
1566 1576 1645 1615 pro

383 1633 523 1673 Vobis
546 1632 747 1672 exstruxi
773 1631 987 1670 Palatium
1008 1645 1015 1680 ;
1049 1631 1191 1683 idque,
1209 1632 1264 1671 ad
1283 1631 1427 1671 ideam
1447 1630 1646 1672 Caelestis

386 1701 538 1750 Curiae,
558 1701 599 1740 in
627 1700 963 1753 Haemisphaeria
986 1701 1109 1740 divisi
1129 1713 1138 1749 ;
1172 1700 1209 1739 ἃ
1234 1713 1384 1740 omnes
1407 1700 1499 1752 ejus
1523 1714 1646 1753 mag-

384 1784 463 1810 nos
494 1769 532 1809 &
562 1770 749 1808 minores
781 1768 976 1810 Circulos
1010 1768 1120 1821 polis
1153 1768 1354 1822 alligavi3
1387 1782 1436 1809 ac
1471 1769 1646 1821 insuper

384 1840 517 1879 osseis
541 1839 837 1891 circumsepivi
862 1839 1060 1887 moeniis3
1093 1838 1149 1877 ibi
1174 1844 1238 1877 est
1259 1844 1452 1878 vestrum
1476 1837 1644 1879 Solium

384 1922 433 1948 ac
463 1907 702 1955 Tribunal;
736 1907 817 1946 hoc
851 1906 1071 1947 Cercbmmz
1100 1907 1268 1947 dicitur.
1331 1906 1429 1958 Ego
1456 1920 1568 1954 vero,
1592 1919 1646 1946 ne

383 1991 459 2017 vos
482 1976 698 2016 districtas
717 1975 1001 2028 interpellem,
1016 1989 1194 2028 parvam
1214 1975 1435 2028 quandam
1455 1975 1644 2022 Curiam,

384 2059 483 2086 cum
507 2046 594 2085 suis
617 2044 792 2093 cellulis,
810 2044 883 2084 ubi
907 2058 1064 2085 arcana
1084 2044 1226 2097 Regni
1244 2044 1547 2093 reconduntur,
1565 2043 1646 2083 sub

383 2114 537 2154 vestris
573 2114 757 2167 pedibus
792 2112 830 2153 &
868 2113 1022 2162 limbis,
1058 2127 1083 2153 a
1119 2112 1352 2166 magnifica
1383 2113 1527 2152 vestra
1560 2112 1648 2152 dis-

386 2223 469 2264 Cor,
496 2222 532 2255 in
561 2221 772 2255 Abdomine
800 2222 938 2265 IIepar,
968 2222 1165 2264 Pancreas,
1194 2221 1356 2264 Lienem,
1381 2220 1648 2263 Ventriculum,

386 2277 576 2319 Intestina,
610 2277 742 2319 Renes,
775 2277 971 2310 Vesicam:
1009 2283 1187 2321 praeterea
1219 2276 1332 2310 etiam
1357 2276 1509 2320 Organa
1537 2286 1646 2319 gene-

383 2332 515 2366 rationi
535 2332 658 2365 dicata
677 2331 713 2364 in
732 2337 888 2376 utroque
907 2332 1014 2365 Sexu.
