1835 2672
306 133 369 166 142
502 122 686 158 CAPUT
716 121 1037 167 SECUNDUM,
1070 122 1265 158 SECTJO
1297 123 1374 158 III.

301 223 468 276 fugiat;
502 223 563 263 ita
592 221 724 262 etiam
754 221 910 271 Amor,
931 221 1004 274 qui
1033 227 1099 262 est
1128 221 1271 261 omnis
1299 221 1497 261 omniurn
1526 221 1570 262 in

302 298 451 332 nostro
481 290 697 332 Mundola
725 304 800 331 seu
832 290 1038 343 Corpore,
1068 290 1106 331 ἃ
1136 290 1210 343 qui
1240 291 1351 330 sicut
1380 290 1569 339 Numen,

302 367 379 401 aut
409 361 522 402 sicut
550 359 706 400 virium
739 365 986 399 nostrarum
1019 357 1198 407 Anima,
1222 373 1372 399 cursus
1404 359 1498 412 ejus
1529 358 1568 400 81

301 429 622 479 fluctuationes,
656 428 786 469 variis
816 428 854 469 ἃ
891 428 1066 468 incertis
1101 428 1286 468 habenis
1323 429 1460 481 regit:
1492 429 1570 469 sed

300 499 395 539 haec
418 513 505 540 una
527 504 593 539 est
611 511 851 546 causarum,
871 498 989 550 quod
1007 511 1093 537 non
1114 497 1239 537 facile
1257 498 1570 550 dignoscamus

301 582 437 609 unum
460 568 676 608 Amorem
694 567 749 607 ab
772 567 909 607 altero
929 581 937 617 ;
970 567 1100 607 datur
1116 566 1260 607 adhuc
1277 566 1375 616 alia,
1391 566 1566 617 scilicet,

300 638 419 690 quod
436 636 734 689 unusquisque
752 635 905 684 Amor,
925 635 1035 675 sicut
1053 636 1365 688 pantomimus,
1379 636 1567 688 gesticu-

299 707 464 747 latione
505 707 595 755 sua,
636 705 852 745 Amorem
896 703 1162 757 Supremum
1203 718 1278 745 seu
1333 704 1590 758 Optimum‘

300 776 490 829 effingat,
527 774 565 814 &
603 774 663 814 sic
700 773 875 813 Mentes
912 773 1079 826 laqueis
1116 773 1204 812 suis
1236 773 1427 813 irretiat:
1464 787 1566 814 nam

299 858 411 885 unus
461 844 573 884 sicut
621 842 731 882 alter
775 841 1037 881 Heliconem
1077 843 1216 891 struit,
1259 855 1391 894 quem
1432 842 1565 882 etiam

300 913 545 966 Olympum
585 909 811 964 appellat3
864 909 1186 962 Intelligentias
1228 911 1361 950 etiam
1398 924 1449 951 ac
1488 910 1566 952 Sa-

297 982 487 1035 pientias
509 980 662 1033 gignit,
681 993 731 1019 ac
754 979 796 1019 in
820 993 921 1019 eum
938 978 1200 1019 introducit:
1231 978 1362 1019 Atria
1379 993 1566 1032 quoque,

298 1065 397 1104 quae
421 1050 591 1090 Musaea
612 1048 650 1089 &
679 1047 901 1088 Athenaea
929 1053 1068 1093 vocat,
1091 1048 1294 1100 parasitis
1324 1047 1362 1088 ἃ
1392 1048 1566 1089 famulis

297 1119 500 1173 complet,
518 1132 616 1172 quae
631 1117 795 1158 scilicet
810 1116 997 1166 faveant,
1011 1116 1366 1167 adblandiantur,
1382 1116 1420 1158 &
1438 1117 1565 1158 ludos

297 1189 390 1242 ejus
414 1194 513 1229 actu
538 1187 575 1228 &
604 1193 731 1240 gestu
761 1185 984 1239 effigient:
1036 1185 1146 1235 Imo,
1169 1186 1287 1238 quod
1317 1187 1459 1239 magis
1486 1193 1564 1236 est,

298 1259 464 1299 Focum
502 1257 636 1297 etiam
674 1255 717 1295 in
755 1255 887 1296 Curia
926 1255 1124 1303 adornat,
1162 1255 1403 1308 indicitque
1439 1255 1562 1306 festa,

296 1335 432 1381 utque
455 1327 537 1367 sibi
560 1332 715 1379 parent
741 1325 880 1374 thura,
903 1324 1024 1373 ferta,
1049 1324 1269 1374 sacrificia,
1290 1324 1428 1377 jubet,
1453 1331 1501 1366 ut
1524 1325 1562 1366 ἃ

295 1398 420 1447 litat;
452 1401 611 1449 praeter
639 1393 783 1434 adhuc
812 1393 936 1446 plura
971 1393 1139 1437 similia,
1163 1407 1338 1445 prorsus
1373 1394 1484 1434 sicut
1518 1394 1561 1434 in

296 1472 446 1507 nostro
474 1464 680 1517 Olympo.
745 1462 973 1506 Satellitiis
1004 1461 1041 1502 ὃς
1071 1462 1285 1514 praesidiis
1313 1463 1459 1512 etiam,
1482 1462 1561 1502 irn-

277 1538 430 1586 perat,
466 1537 514 1571 ut
548 1544 594 1570 se
631 1529 863 1582 Optimum
901 1529 1060 1576 dicant,
1097 1528 1356 1582 rideantque
1392 1543 1478 1579 eos,
1514 1536 1561 1570 ut

296 1603 482 1649 insanos,
520 1600 593 1652 qui
630 1599 774 1639 ausint
810 1598 965 1647 dicere,
998 1611 1044 1637 se
1081 1597 1245 1650 aliquid
1281 1598 1410 1651 prius,
1449 1600 1561 1639 sicut

297 1670 482 1723 Optimo
505 1668 671 1718 melius,
694 1668 796 1708 dari.
861 1667 1044 1707 Instruit
1067 1667 1200 1707 etiarn
1227 1680 1305 1707 sua
1333 1667 1560 1718 famulitia,

295 1820 448 1847 omnes
466 1806 626 1855 turbas,
644 1805 827 1854 vibrent,
843 1810 1125 1856 quotcunque
1144 1803 1295 1852 ferunt,
1313 1803 1414 1844 vitae
1431 1803 1558 1854 faces,

295 1875 532 1916 incendant
546 1881 781 1926 utrumque
795 1873 1066 1926 sanguinem,
1078 1873 1255 1913 exciant
1269 1879 1409 1913 atram
1424 1873 1555 1914 bilem

294 1958 351 1985 ex
378 1943 515 1984 infera
540 1942 677 1996 Cysti,
700 1942 738 1982 ἃ
761 1942 821 1982 sic
843 1956 948 1982 vasa
970 1942 1104 1982 totius
1133 1941 1274 1994 Regni
1302 1941 1446 1982 furore
1476 1943 1555 1983 im-

293 2014 455 2068 pleant.
491 2013 693 2065 Cumque
706 2011 849 2051 Amor
861 2012 922 2051 ita
939 2011 1136 2050 Mentem
1152 2024 1275 2050 suam
1291 2011 1558 2061 instruxerit,

295 2083 333 2124 81
356 2081 679 2136 principaverit,
699 2086 803 2121 tunc
824 2080 972 2120 omnia
999 2093 1055 2119 ex
1078 2079 1299 2132 principiis
1321 2080 1424 2129 istis,
1446 2081 1558 2121 sicut

295 2166 352 2192 ex
382 2150 610 2200 radicibus,
630 2149 936 2190 secundarium
965 2161 1092 2188 suum
1120 2154 1263 2188 ortum
1292 2148 1470 2189 trahunt
1483 2150 1555 2202 (72),

343 2243 395 2287 (n)
425 2242 573 2285 Omnia,
593 2253 823 2287 quaecunque
841 2252 864 2274 a
884 2241 1034 2275 Semine
1057 2240 1089 2274 δε
1111 2240 1247 2274 Anima
1266 2247 1386 2274 ortum
1405 2241 1554 2286 ducunt,

294 2299 331 2333 in
356 2309 502 2343 genere,
529 2297 652 2342 specie
680 2297 711 2331 &
738 2303 853 2341 parte,
879 2296 1138 2331 secundarium
1164 2302 1284 2330 ortum
1310 2307 1333 2331 a
1358 2296 1556 2342 radicibus,
