1783 2760
432 159 512 193 DE
543 158 821 193 JNFANTJA
857 158 1244 194 PRIMOGENJTI.
1425 168 1469 203 97

203 257 315 298 sicut
337 257 502 306 umbra,
523 257 560 298 ἃ
581 270 632 297 ea
653 270 803 309 opaca,
827 256 865 297 &
888 258 931 297 in
958 257 1155 310 quolibet
1185 258 1277 310 ejus
1306 266 1469 311 puncto

205 327 416 367 terminus
452 326 490 366 &
526 325 632 366 finis.
701 325 868 378 Aspice
900 325 992 378 jam
1026 326 1169 367 fontes
1206 327 1468 376 bonitatum,

206 409 315 448 quas
332 396 485 445 sentis;
513 395 589 435 sed
607 395 752 448 aspice
773 395 965 435 Unicum
983 394 1116 445 illum,
1135 409 1192 436 ex
1211 410 1298 448 quo
1316 410 1469 436 omnes

204 465 471 504 scaturiunt:
503 477 560 503 ex
594 470 670 503 tuo
705 464 748 503 in
785 477 931 503 meum
969 464 1130 503 intrare
1164 471 1302 517 potes,
1335 477 1469 516 quare

199 532 293 584 jam
315 539 359 572 te
387 533 618 572 remittam.
684 532 768 571 His
799 531 1028 584 eloquutis,
1053 533 1310 572 tenuissimo
1342 533 1466 585 quasi

202 600 299 640 velo
320 601 430 640 visui
448 600 540 652 ejus
559 600 834 648 subinducto,
851 613 897 639 se
915 601 957 640 in
976 600 1120 640 locum
1138 615 1227 640 suae
1247 601 1466 641 Palaestrae

203 669 388 709 relatum
411 683 505 709 esse
525 668 767 718 sentiebat;
800 669 876 708 sed
898 670 1190 722 vertiginabat
1211 671 1338 719 visus,
1356 671 1466 710 sicut

203 737 307 778 dum
331 752 356 778 a
378 738 652 778 serenissima
672 737 778 787 luce,
798 737 841 777 in
861 737 1041 778 dubiam
1060 745 1134 779 aut
1157 739 1467 790 inumbratam,

202 806 431 846 illabimur.

262 874 323 926 56.
358 876 462 915 Post
498 875 773 928 aliquantum
815 889 960 924 morae,
997 889 1095 915 cum
1134 876 1301 916 Nemus
1337 890 1464 917 suum

200 943 357 995 iterum
385 944 660 996 perspiceret,
691 944 814 996 quasi
844 958 1079 996 suspensus
1107 944 1288 994 haerens,
1315 959 1463 985 secum

177 1006 371 1052 'volvere
393 1013 567 1065 incepit,
585 1013 690 1065 quid
712 1012 795 1052 hoc
813 1019 938 1061 esset,
955 1013 1073 1065 quod
1097 1019 1224 1053 extra
1246 1027 1292 1053 56
1312 1021 1462 1067 raptus

196 1155 418 1200 pondentiae‚
432 1155 584 1190 dantur:
611 1155 825 1189 Harmonia
839 1167 885 1189 ex
899 1156 1034 1189 unione
1045 1156 1082 1189 E
1085 1157 1208 1190 nliunz
1222 1157 1461 1191 naturalium

185 1210 326 1254 fluens,
338 1221 411 1243 non
425 1211 540 1244 datur
550 1211 629 1244 sine
639 1211 828 1255 principio
841 1211 1049 1244 harmonice
1061 1223 1108 1244 ex
1120 1212 1256 1245 unione
1269 1212 1308 1245 in
1323 1212 1462 1246 natura*

197 1267 395 1311 superiore,
420 1278 501 1310 quse
524 1267 738 1311 singularia
765 1267 1043 1310 um’versaliler,
1069 1266 1117 1300 ὣς
1143 1268 1360 1301 universum
1385 1269 1461 1302 sin-

192 1322 387 1366 gulariter
403 1322 622 1366 conjungit:
649 1321 678 1355 si
704 1321 786 1355 loco
816 1321 1034 1355 Harmoniae
1059 1329 1217 1366 ponatur
1241 1323 1460 1367 Concordia,

199 1380 231 1414 δε
256 1379 339 1413 1060
368 1379 527 1413 Unionis
553 1380 680 1421 Amor,
704 1390 843 1423 proque
872 1379 1030 1412 Entibus
1056 1379 1282 1414 naturalibus
1312 1381 1459 1416 Mentes

197 1435 382 1477 humanae,
416 1440 503 1468 tunc
536 1434 622 1468 inde
657 1434 738 1468 haec
773 1434 919 1468 Veritas
951 1435 1136 1478 exsurgit3
1182 1435 1383 1469 Concordia
1415 1449 1463 1470 ex

195 1490 336 1523 Amore
349 1489 537 1523 Manlium
551 1489 952 1533 liunzanarmnfluens,
964 1500 1038 1522 non
1054 1490 1170 1523 datur
1180 1491 1259 1524 sine
1267 1492 1459 1537 principio

199 1545 406 1579 Concordia’
428 1545 468 1578 in
493 1544 633 1578 Amore
655 1545 852 1589 superiori,
870 1545 939 1588 qui
954 1545 1127 1589 singulas
1143 1546 1289 1579 Menses
1307 1548 1458 1581 univer-

194 1600 334 1643 saliter,
346 1599 394 1633 ἔφ’
412 1600 628 1633 universam
642 1611 770 1632 earum
782 1600 987 1633 sociantem
1002 1601 1252 1644 singulariter
1266 1595 1456 1637 consociat.

195 1657 270 1690 Aut
299 1656 329 1689 si
362 1656 443 1689 1060
480 1655 708 1698 Harmoniae,
742 1655 929 1689 Faustitas
963 1656 1022 1689 vel
1057 1656 1256 1698 Felicitas3
1297 1669 1340 1691 ac
1374 1658 1457 1693 loco

197 1711 370 1753 Unionis,
400 1711 525 1753 Amor,
555 1717 593 1744 ut
624 1711 748 1754 prius;
775 1710 841 1744 sed
873 1711 1018 1744 Animae
1049 1722 1114 1755 pro
1146 1713 1345 1756 Mentibus,
1371 1715 1456 1748 talis

195 1766 273 1800 fluit
301 1767 453 1807 Canon3
496 1766 673 1799 Felicitas
697 1777 744 1799 ex
766 1777 891 1799 amore
917 1770 1045 1799 mutuo
1070 1766 1302 1800 Animarum
1315 1769 1454 1813 fluens,

194 1833 268 1856 non
292 1822 408 1854 datur
429 1822 507 1854 sine
527 1822 715 1864 principio
741 1821 881 1854 amoris
905 1821 945 1854 in
975 1821 1080 1861 (jado,
1105 1833 1167 1855 seu
1193 1823 1233 1855 in
1259 1823 1338 1867 ipso
1365 1824 1453 1868 Deo,

194 1877 262 1921 qui
271 1876 443 1920 singulas
455 1876 618 1909 Animas
636 1876 913 1918 universaliter,
928 1875 975 1908 ὃν
990 1877 1206 1909 universam
1221 1878 1454 1913 Animarum

192 1933 396 1966 societatem
420 1931 670 1975 singulariter
693 1932 787 1964 miii.
838 1932 886 1964 At
912 1942 998 1965 vero
1022 1931 1052 1964 si
1075 1932 1156 1965 1060
1180 1933 1287 1977 hujus
1305 1935 1452 1969 Amoris

195 1999 382 2022 sumamus
407 1988 531 2029 alium,
557 1987 655 2021 illico
681 1986 884 2030 apparebit,
909 1986 1028 2031 qualis
1054 1987 1140 2021 inde
1166 1989 1316 2023 resultat
1341 1991 1451 2032 uni0;

194 2055 282 2077 narn
299 2044 381 2077 talis
398 2050 454 2077 est
471 2043 569 2085 unio,
588 2042 706 2087 qualis
725 2048 779 2075 est
797 2053 910 2075 amor.
962 2043 1019 2075 Ex
1036 2042 1103 2085 his,
1123 2043 1155 2076 Sc
1176 2044 1327 2078 infinitis
1352 2045 1450 2079 simi-

193 2098 288 2132 libus
306 2099 433 2141 elucet,
452 2098 637 2142 quomodo
655 2109 678 2131 a
698 2096 875 2130 Paradiso
898 2098 1076 2131 Terrestri
1100 2099 1254 2133 transire
1280 2100 1387 2134 liceat
1413 2101 1450 2134 in

196 2154 400 2196 Caelestem,
428 2153 460 2186 86
486 2153 534 2186 ab
559 2164 632 2186 uno
659 2153 704 2186 de
729 2152 878 2185 alterius
906 2152 1139 2186 Bonitatibus
1166 2154 1198 2187 &
1223 2155 1450 2190 Veritatibus

193 2208 345 2241 instrui:
373 2208 438 2242 sed
455 2219 477 2240 a
500 2207 812 2252 propositionibus
836 2218 910 2240 non
935 2207 1030 2240 veris
1056 2208 1233 2242 resultant
1258 2210 1448 2254 falsitates,

194 2265 226 2299 ἃ
255 2266 306 2299 sic
336 2277 411 2299 non
440 2265 476 2298 in
509 2265 706 2299 Paradisos
736 2264 1012 2298 introducimur.
1076 2266 1151 2299 Sed
1179 2266 1260 2301 haec
1287 2267 1324 2301 in
1355 2269 1447 2303 serie

192 2332 312 2355 rerum
331 2321 563 2365 sequentium
581 2320 702 2355 adhuc
721 2319 950 2355 evidentiora
968 2319 1135 2355 evadent.

800 2388 834 2418 H
