1835 2672
381 130 445 173 146
571 131 755 166 CAPUT
783 130 1103 175 SECUNDUM,
1136 128 1330 165 SECTJO
1362 128 1437 164 III.

379 243 479 270 nam
510 229 615 269 nihil
645 242 731 269 non
761 228 803 268 in
835 228 1063 278 Universo,
1086 227 1170 268 illis
1200 228 1294 268 usui
1322 227 1462 278 cedit3
1492 239 1642 267 verum

381 299 620 352 Supremus
642 304 799 347 noster,
817 311 904 337 non
923 297 1106 346 illarum,
1129 297 1205 337 sed
1228 297 1354 336 unice
1375 295 1561 336 Amoris·
1578 296 1643 335 sui

377 382 452 408 seu
489 367 587 407 Filii
623 367 864 420 Unigeniti,
886 366 1038 419 gratia,
1069 372 1213 406 totum
1247 365 1526 414 Universum,
1549 370 1643 404 tam

381 436 549 478 Caelum
572 449 703 489 quam
728 436 958 484 Mundum,
980 435 1168 485 creavit3
1200 447 1333 487 quare
1363 447 1515 474 omnes
1545 432 1643 486 Spi-

379 504 555 545 rituales
590 504 816 552 Essenffiae,
840 503 877 543 81
907 517 1005 556 quae
1033 502 1185 543 vivunt
1218 503 1406 551 Mentes,
1427 515 1513 542 non
1543 507 1644 542 sunt

380 575 460 614 nisi
493 574 609 614 Vitae
645 572 933 621 mediatrices,
958 571 995 612 ἃ
1026 571 1085 611 sic
1114 571 1270 611 iterum
1301 570 1458 611 Causae
1487 571 1643 610 instru-

381 642 605 692 mentales,
632 642 815 695 proinde
842 647 985 681 totum
1016 640 1150 680 modo
1178 639 1385 680 Machina
1413 639 1645 680 mediatio-

381 726 497 760 num,
521 718 569 752 ut
590 711 733 751 Amor
754 711 957 763 supremi,
981 709 1092 750 foret
1123 710 1264 749 omnis
1294 710 1335 749 in
1366 709 1581 758 omnibus,
1604 708 1643 749 &

381 781 457 834 per
494 781 609 821 Eum
647 779 838 820 caelestia
869 779 1021 831 juncta
1057 778 1343 818 terrestribus.
1417 777 1490 818 Ob
1527 776 1644 817 hunc

381 849 512 889 finem
550 848 620 888 hic
654 854 789 888 tantae
826 846 1140 887 dominationis
1177 846 1414 898 imperator
1449 851 1644 886 creatus:
1685 862 1690 867 ·

381 932 528 958 verum
560 918 662 970 quia
691 922 815 957 tanta
849 917 886 956 ei
920 915 1169 968 procuratio
1203 913 1241 954 &
1276 911 1597 954 administratio
1618 927 1644 954 a

384 986 599 1039 Supremo
627 991 776 1026 nostro
805 984 980 1024 decreta
1007 990 1085 1032 est,
1108 982 1178 1023 ille
1207 982 1363 1022 animis
1395 982 1646 1035 ingentibus

383 1056 533 1105 elatus,
549 1069 598 1096 ac
617 1056 676 1095 ita
695 1054 884 1094 insolens
901 1053 1041 1093 factus
1060 1058 1137 1100 est,
1155 1058 1202 1092 ut
1225 1051 1305 1092 sibi
1323 1052 1455 1091 etiam
1475 1050 1644 1091 Caelum

383 1139 563 1176 sumere,
580 1138 630 1164 ac
646 1129 912 1177 potestatem
931 1122 1067 1162 nostri
1085 1111 1263 1161 Amoris
1281 1134 1482 1173 arrogare
1497 1119 1646 1170 vellet;

384 1208 484 1234 nam
507 1194 589 1233 sibi
612 1193 785 1233 relictus
807 1205 896 1244 prae
923 1204 968 1231 se
998 1191 1217 1230 neminem
1246 1189 1401 1239 duxit;
1432 1189 1591 1229 idcirco
1621 1202 1647 1229 a

385 1263 601 1316 Supremo
635 1275 713 1314 per
748 1260 929 1300 rebelles
970 1265 1115 1299 motus
1150 1264 1303 1299 contra
1341 1258 1648 1311 Unigenitum,

382 1345 556 1384 prorsus
578 1330 784 1370 descivit:
817 1329 918 1368 inde
943 1328 1133 1380 Imperia
1161 1341 1235 1367 seu
1269 1327 1484 1368 Universa
1512 1326 1647 1366 scissa

385 1407 509 1440 sunt:
541 1399 646 1439 vivit
667 1411 805 1450 usque
827 1411 884 1437 ex
907 1397 1038 1436 radiis
1059 1397 1159 1436 vitae
1184 1396 1397 1449 Supremi,
1421 1408 1522 1435 nam
1546 1395 1648 1435 inde

385 1469 580 1509 omniurn
615 1466 852 1507 viventium
887 1466 988 1515 vita,
1021 1478 1107 1505 non
1143 1471 1290 1505 autem
1326 1463 1454 1504 simul
1484 1477 1509 1504 a
1540 1463 1647 1503 Vita

385 1537 477 1589 ejus
508 1536 699 1584 Amoris,
720 1548 869 1575 verum
903 1548 959 1574 ex
992 1534 1106 1574 sicco
1136 1533 1297 1586 proprii
1330 1532 1490 1573 amoris
1520 1532 1646 1585 igne;

385 1620 434 1646 ac
459 1611 680 1659 praeterea,
704 1603 983 1656 quantumvis
1013 1602 1253 1651 desciverit,
1275 1602 1355 1642 sub
1384 1603 1435 1641 ea
1464 1601 1648 1642 necessi-

385 1681 487 1722 tate,
507 1673 630 1727 quasi
654 1672 813 1725 lupatis
834 1685 884 1711 ac
905 1670 1070 1711 catenis
1091 1671 1275 1720 vinctus,
1293 1676 1339 1710 ut
1361 1671 1509 1710 omnia
1526 1670 1649 1723 jussa

386 1744 520 1784 nostri
540 1742 745 1782 Numinis
759 1740 1019 1793 obsequiose
1035 1744 1300 1792 exequatur;
1322 1739 1365 1779 id
1383 1739 1498 1778 enim
1516 1753 1648 1780 causa

387 1813 465 1852 fuit
489 1811 581 1864 ejus
604 1809 864 1857 existentiae,
886 1808 1159 1860 eandemque
1182 1821 1389 1860 premere,
1411 1821 1464 1848 ne
1485 1808 1647 1849 crucia-

386 1881 503 1921 tibus
535 1880 599 1920 sui
629 1879 717 1919 odii
750 1892 807 1918 ex
838 1877 1095 1918 dissidentia
1124 1877 1217 1926 orti,
1245 1882 1472 1926 mactetur,
1500 1877 1649 1917 stricte

387 1955 628 1998 coercetur3
660 1954 754 1988 tum
772 1947 904 1987 etiam
923 1951 970 1986 ut
988 1959 1013 1985 a
1029 1945 1199 1985 Mundo
1221 1959 1299 1985 suo
1322 1951 1495 1985 narrata
1517 1945 1648 1997 ferat;

388 2019 462 2058 sed
480 2017 718 2057 mendaciis
735 2015 1016 2056 conturbaret
1030 2027 1205 2054 omnem
1219 2014 1320 2055 Veri
1338 2002 1649 2067 cognitionem,

388 2088 466 2127 nisi
493 2087 731 2138 Supremus
754 2083 966 2124 omnia&
996 2083 1167 2136 singula
1193 2089 1294 2123 ante
1321 2084 1460 2135 ipsam
1491 2083 1647 2123 Mundi

388 2156 651 2195 creationem
675 2168 732 2194 ex
756 2153 923 2206 Seipso,
944 2153 981 2193 8:
1005 2152 1122 2205 quod
1144 2158 1290 2192 actum
1314 2158 1647 2205 consequantur,

388 2239 464 2278 per
498 2223 688 2271 infinitas
725 2221 831 2262 alias
861 2222 963 2268 vias,
997 2221 1283 2273 cognovisset.
1348 2221 1419 2261 Ex
1456 2220 1523 2261 his
1555 2220 1648 2274 jam

388 2292 586 2346 patescit,
617 2290 735 2344 quod
773 2290 861 2330 bini
897 2290 994 2340 sint,
1025 2289 1098 2342 qui
1130 2289 1171 2329 in
1206 2289 1422 2330 Universo
1455 2295 1649 2343 regnant,
