1835 2672
363 151 407 185 86
572 152 756 187 CAPUT
783 152 1102 197 SECUNDUAI,
1138 153 1332 189 SECTIO
1365 153 1418 189 II.

362 249 500 290 hibite
516 249 622 290 mihi
639 249 784 301 fidem,
799 252 917 304 quod
936 251 1086 292 formae
1105 250 1190 291 illae
1208 265 1295 291 non
1319 265 1439 291 meos
1461 265 1626 303 sensus,

363 318 448 360 sed.
471 332 615 359 meam
645 326 852 369 mentem,
875 320 1105 371 allectent;
1137 321 1266 360 video
1296 321 1428 361 etiam
1459 319 1497 360 &
1526 319 1625 373 lego

363 387 406 426 in
428 388 582 427 vestris
604 388 751 437 oculis,
776 389 893 441 quod
924 389 1089 429 laetitiae
1120 403 1177 429 ex
1206 390 1255 429 iis
1283 388 1516 439 exhalatae,
1537 402 1626 429 non

362 456 406 496 in
435 457 588 496 vestris
618 456 829 497 Sensibus
864 458 941 497 sed
974 459 1016 497 in
1053 458 1287 506 Mentibus,
1317 458 1627 508 demorentur;

363 538 450 564 non
472 525 587 565 enim
611 525 792 565 lusorias
814 525 851 566 δι
875 526 1062 566 caducas
1085 526 1255 566 illarum
1278 526 1626 579 pulchritudines

363 593 514 643 lustro,
534 594 611 633 sed
640 595 836 647 argutius
865 594 903 635 Sc
932 595 1123 648 penitius
1152 596 1376 644 intuendo,
1400 595 1442 635 id
1472 594 1626 643 solum,

363 662 482 715 quod
534 663 577 702 in
630 663 833 703 medullis
880 677 1028 704 earum
1084 665 1345 714 reconditur,
1398 664 1625 717 perspicio,

362 731 537 779 scilicet,
567 731 671 784 quid
709 731 893 780 Bonum,
924 731 962 771 &
997 732 1102 784 quid
1138 732 1271 781 Utile,
1299 733 1341 772 in
1375 746 1421 772 se
1453 732 1626 782 ferunt;

364 813 451 839 non
485 799 588 839 folia
622 800 698 839 sed
731 799 918 849 frutices,
948 800 986 840 ἃ
1021 801 1176 840 horum
1208 801 1387 850 semina,
1416 801 1626 854 inspicio;

364 881 444 907 nec
478 868 583 907 mihi
617 874 755 919 testae,
786 868 862 908 sed
896 868 1037 909 nuclei
1070 869 1271 922 sapiunt:
1303 869 1474 909 illarum
1508 870 1625 909 enim

365 936 593 976 Bonitates
616 951 666 977 ac
695 937 935 987 Utilitates‚
958 951 1028 978 me
1056 951 1146 990 prae
1174 938 1515 978 decoratissimis
1542 938 1627 978 for-

364 1006 446 1045 mis
467 1005 717 1056 oblectant;
748 1019 850 1046 nam
881 1007 986 1046 dum
1017 1007 1157 1046 visum
1190 1020 1336 1046 meum
1368 1006 1504 1047 oculis
1535 1020 1627 1047 sur-

363 1074 485 1126 ripio,
506 1073 544 1114 &
567 1088 624 1114 ex
651 1074 836 1114 duorum
867 1074 1081 1114 luminum
1113 1075 1244 1115 radiis
1274 1089 1325 1115 ea
1352 1074 1580 1128 perlustro,
1601 1089 1628 1116 a

363 1142 554 1195 quadam
578 1143 733 1183 intima
754 1143 994 1192 harmonia,
1013 1157 1070 1183 ex
1094 1144 1197 1196 ipsis
1220 1157 1368 1184 earum
1389 1143 1628 1184 harmoniis

364 1211 489 1264 quasi
532 1212 760 1262 emicante,
803 1212 992 1252 afficior:
1040 1212 1181 1261 credo,
1217 1212 1336 1265 quod
1372 1212 1478 1262 Vos,
1516 1225 1627 1252 meae

364 1280 630 1333 Sapientiae!
663 1281 706 1320 id
729 1280 833 1321 mihi
857 1281 1113 1329 insinuatis3
1146 1287 1212 1321 est
1243 1281 1423 1334 quidam
1446 1281 1626 1321 intimus

362 1350 486 1403 quasi
507 1363 660 1389 sensus
682 1349 935 1399 dulcedinis,
953 1350 1026 1402 qui
1050 1350 1185 1390 menti
1204 1363 1315 1390 meae
1334 1349 1627 1399 adblanditur,

364 1418 403 1458 ἃ
425 1432 471 1458 se
493 1405 595 1458 inde
615 1432 692 1471 per
713 1419 922 1468 animum,
938 1418 975 1458 ἃ
994 1419 1037 1458 in
1059 1425 1213 1471 pectus
1234 1419 1469 1472 dispergit;
1495 1419 1628 1471 idque

363 1501 462 1528 cum
483 1488 706 1537 varietate,
728 1501 903 1540 prorsus
925 1489 1165 1528 secundum
1196 1487 1385 1540 cujusvis
1414 1487 1627 1528 bonitatis

363 1562 565 1596 naturam
588 1555 626 1596 δε
649 1557 951 1609 praestantiam
972 1570 980 1596 2
1012 1556 1094 1596 hoc
1117 1570 1174 1597 ex
1197 1556 1352 1596 intimo
1375 1570 1475 1596 meo
1495 1569 1624 1596 sensu

363 1624 505 1665 influit
554 1626 597 1664 in
643 1624 927 1674 intellectum,
966 1639 1100 1678 seque
1141 1625 1184 1664 in
1224 1624 1498 1665 voluntatem
1538 1625 1627 1665 cito

364 1692 575 1743 effundit;
609 1692 646 1733 ἃ
670 1693 791 1733 illum
814 1699 1024 1745 tanquam
1048 1693 1274 1734 laetissimo
1300 1693 1482 1733 fulmine
1509 1693 1628 1733 illus-

363 1768 461 1810 trat,
491 1761 602 1802 hanc
633 1762 826 1814 quodam
863 1762 1024 1802 amoris
1056 1761 1209 1802 fomite
1237 1761 1456 1802 incendit:
1498 1761 1536 1802 δε
1565 1763 1629 1802 sic

364 1831 585 1871 bonitates
603 1830 868 1883 jucunditati
891 1831 1079 1879 adnatae,
1096 1831 1291 1884 quodam
1312 1844 1440 1871 sensu
1464 1830 1502 1871 ἃ
1524 1844 1627 1871 con-

364 1913 493 1940 sensu
532 1899 636 1939 mihi
671 1899 917 1939 revelantur
931 1898 1001 1952 (q).
1065 1899 1137 1939 Ex
1176 1900 1374 1940 bonitate
1409 1899 1628 1952 deinceps,

365 1989 430 2024 sed
454 2000 544 2034 pure
569 1989 749 2033 verbales,
767 2001 811 2024 ex
834 1990 1042 2034 ignorantia
1067 1990 1277 2033 formarum,
1297 1989 1329 2024 &
1353 2001 1480 2024 earum
1505 1990 1627 2024 eleva-

364 2045 487 2087 tionis,
512 2044 619 2079 unice
644 2045 808 2087 fluentes,
834 2045 968 2080 missas
994 2045 1184 2089 faciamus,
1207 2045 1295 2079 dum
1322 2056 1540 2089 persuasum
1566 2045 1625 2089 sit,

365 2100 466 2144 quod
483 2110 560 2144 prae
578 2100 677 2133 omni
698 2100 906 2134 substantia
923 2100 1117 2143 materiali,
1134 2100 1180 2134 de
1198 2100 1271 2145 qua
1294 2100 1398 2143 infra,
1417 2099 1575 2134 existant
1593 2099 1627 2134 &

365 2155 580 2197 subsistant,
598 2165 642 2188 ac
666 2154 774 2188 simul
797 2155 947 2196 vivant3
974 2155 1120 2200 sintque
1141 2155 1273 2198 unicae,
1296 2165 1380 2199 quae
1403 2155 1493 2189 dant
1515 2155 1624 2189 nobis

364 2211 564 2256 percipere,
588 2210 620 2244 &
646 2210 848 2244 secundum
874 2210 1129 2255 perceptiones
1156 2210 1300 2253 sentire,
1325 2210 1357 2244 δε
1383 2209 1489 2254 affici,
1513 2210 1546 2245 ἃ
1571 2210 1625 2245 sic

364 2266 432 2300 frui
451 2266 738 2308 amaenitatibus,
757 2277 839 2311 quae
857 2277 900 2300 ex
917 2266 1091 2310 percepta
1108 2266 1273 2301 bonitate
1290 2266 1416 2300 fluunt.

414 2321 463 2367 (q)
492 2321 601 2366 Quod
632 2321 903 2366 Primogenitus
933 2328 1058 2357 noster
1088 2323 1234 2357 Bonum
1264 2332 1328 2357 seu
1358 2321 1551 2357 Bonitates
1581 2332 1627 2357 ex
