1835 2672
346 136 410 161 112
539 126 724 162 CAPUT
753 126 1075 170 SECUNDUM,
1109 126 1306 161 SECTJO
1339 126 1414 160 III.

344 231 553 278 apparet:
590 225 689 265 hinc
719 238 868 264 sumus
897 225 940 264 in
972 224 1128 273 medio,
1156 238 1181 264 a
1212 224 1353 264 fronte
1382 223 1420 264 8c
1438 237 1463 263 a
1490 229 1614 277 tergo

342 295 476 335 vincti
510 294 547 334 ἃ
580 294 786 342 catenati,
819 293 857 333 &
890 293 1023 333 modo
1055 293 1140 333 acti
1173 294 1372 346 agimus:
1404 293 1474 333 dic
1506 293 1612 333 mihi

339 363 444 416 jam,
466 363 570 416 quid
594 363 813 410 Vestrum,
837 369 912 402 aut
934 362 1080 402 Vestri
1101 362 1330 411 Voluntas,
1354 368 1431 403 est.

401 433 467 473 60.
500 431 683 483 Audito,
718 430 836 483 quod
871 431 1071 479 dixisset,
1100 445 1199 471 cum
1229 431 1323 470 [Vos
1357 431 1470 471 inter
1499 430 1616 471 binos

343 515 507 541 amores
518 501 734 549 libremur,
746 500 945 553 spiritum
961 513 1087 539 suurn
1103 513 1244 552 poene
1258 500 1312 539 ad
1330 499 1615 539 oratiunculae

346 570 478 611 finem
515 569 742 618 continuit,
779 569 840 608 ita
881 568 998 608 enim
1035 575 1207 608 emotus
1245 568 1283 608 &
1321 568 1424 608 inde
1461 569 1616 608 avidus

345 639 610 688 sciscitandi,
627 639 699 691 qui
715 644 860 678 essent
878 637 938 677 illi
957 638 1045 677 duo
1063 636 1254 677 amores!
1289 636 1326 677 ἃ
1344 637 1419 676 vix
1437 643 1616 689 peracto

344 722 559 756 sermone,
581 720 712 760 quem
737 706 981 759 interrupit,
1004 707 1172 745 intenta
1194 719 1299 746 voce
1321 705 1544 758 poscebat,
1567 710 1615 745 ut

347 778 523 826 diceret,
542 777 639 829 quis
663 775 734 815 ille
752 774 861 815 alter
883 774 1048 814 Amor!
1082 787 1168 813 non
1193 774 1282 813 scio
1305 773 1386 813 nisi
1410 773 1614 821 Unicum,

347 846 558 899 inquienS,
601 844 657 884 ad
698 857 828 896 quem
871 856 1024 883 omnes
1066 842 1230 895 reliqui,
1271 842 1345 894 qui
1388 842 1617 882 Bonitates

349 916 564 963 dicuntur,
599 914 791 962 ducunt;
830 925 1056 964 nunquam
1093 912 1206 950 inter
1236 910 1362 950 binos
1391 909 1498 950 haesi
1525 924 1617 950 sus-

348 997 522 1038 pensus,
539 995 618 1022 nec
640 983 753 1022 inter
774 980 957 1021 alteram
981 980 1019 1021 &
1038 980 1221 1020 alteram
1240 979 1496 1030 bonitatem,
1514 993 1616 1019 nam

347 1053 462 1093 illico
483 1051 590 1091 mihi
613 1051 816 1104 apparuit
838 1050 911 1090 illa
933 1048 1156 1102 pulchrior
1178 1047 1216 1088 δε
1239 1048 1495 1098 deliciosior,
1519 1061 1617 1101 quae

351 1122 494 1163 Unico
518 1126 667 1160 nostro
689 1125 780 1160 erat
803 1119 1006 1172 propior:
1037 1118 1093 1158 ad
1116 1117 1221 1166 haec,
1247 1116 1484 1170 Sapientia,
1509 1117 1619 1157 laeti-

349 1191 422 1231 tiae
458 1189 643 1242 suspiria
676 1202 699 1228 e
729 1194 905 1241 pectore
942 1186 1131 1235 trahens,
1169 1185 1208 1227 O
1247 1187 1429 1235 utinam,
1464 1186 1617 1238 inquit,

350 1272 566 1312 nusquam
609 1257 902 1297 intellexisses
938 1256 1019 1312 nisi
1060 1255 1263 1303 Unicum,
1303 1253 1341 1294 &
1379 1254 1490 1294 alter
1526 1254 1619 1294 lon-

351 1328 529 1381 gissime
561 1326 599 1366 &
633 1331 846 1379 perpetuo
878 1324 934 1364 ab
973 1323 1187 1364 Helicone
1220 1329 1368 1363 nostro
1405 1323 1620 1373 excubet;

351 1396 521 1437 tamdiu
545 1394 778 1435 reddemus
800 1393 878 1433 tibi
908 1393 1024 1433 vices
1052 1392 1243 1441 Amoris,
1267 1404 1354 1444 quo
1383 1405 1473 1440 nOS,
1497 1397 1544 1430 ut
1574 1397 1619 1431 te

354 1466 647 1517 dignaremur,
670 1462 861 1502 suaviter
878 1475 1015 1514 nuper
1044 1461 1277 1514 rogavisti:
1310 1460 1386 1500 sed
1415 1460 1619 1507 concede,

354 1540 401 1574 ut
424 1533 612 1586 primum
634 1531 891 1579 describam,
909 1529 1049 1582 qualis
1066 1535 1213 1569 noster
1230 1528 1373 1568 Amor
1389 1534 1476 1577 est;
1510 1527 1618 1567 nihil

355 1602 471 1642 enirn
501 1600 619 1653 quod
648 1600 690 1638 in
721 1599 875 1638 umbra
903 1598 1021 1647 latet,
1044 1598 1124 1637 nisi
1157 1598 1230 1637 diu
1261 1603 1337 1637 aut
1368 1597 1411 1636 in
1443 1596 1620 1646 lumine,

354 1676 561 1724 apparet;
589 1667 884 1721 postmodum,
908 1667 941 1706 si
965 1666 1119 1719 placet,
1139 1666 1281 1706 dicere
1303 1679 1495 1719 pergam,
1513 1664 1619 1718 quid

358 1740 583 1787 Nostrum,
605 1737 710 1790 quid
735 1736 953 1784 Liberum,
976 1735 1013 1775 ἃ
1038 1735 1141 1787 quid
1165 1734 1421 1774 Arbitrium.

414 1809 478 1848 61.
514 1807 593 1847 Ille
622 1814 833 1858 tanquam
863 1819 886 1844 e
918 1804 1068 1844 nimbo
1103 1805 1145 1844 in
1179 1817 1379 1844 serenum
1412 1803 1619 1856 relapsus,

357 1876 564 1925 describe,
597 1875 750 1927 inquit,
783 1874 821 1914 &
855 1874 889 1913 si
925 1873 1130 1926 potueris,
1160 1886 1306 1913 coram
1343 1872 1478 1912 oculis
1512 1873 1620 1912 meis

357 1966 562 2012 unaquavis
581 1966 769 2011 qualitate,
789 1976 870 2009 quae
889 1975 910 1997 a
929 1964 1176 2008 quantitatum
1200 1963 1441 2008 dispositione
1465 1962 1497 1997 ἃ
1521 1973 1620 1996 com-

357 2023 540 2068 positione
558 2021 719 2055 resultat.
756 2021 812 2054 Ex
827 2020 959 2064 quibus
974 2020 1061 2062 fluit,
1079 2019 1178 2064 quod
1193 2030 1294 2053 mera
1313 2019 1385 2053 sint
1403 2018 1620 2063 aequilibria‚

357 2089 513 2124 quorum
531 2077 643 2110 variae
661 2076 884 2109 mutationes
902 2075 1024 2108 varios
1050 2075 1202 2109 effectus
1229 2074 1261 2108 δε
1286 2085 1373 2107 usus
1400 2073 1618 2118 producunt.

360 2136 443 2171 Nisi
473 2136 571 2170 enim
596 2135 694 2168 binae
720 2134 815 2167 vires
841 2133 970 2175 forent,
996 2133 1128 2167 activae
1154 2132 1185 2166 &
1212 2132 1381 2176 passivae,
1408 2131 1440 2165 &
1465 2131 1524 2164 hae
1549 2130 1620 2165 sibi

353 2193 504 2237 junctae,
517 2200 700 2234 nusquam
712 2188 851 2232 aliquid
863 2189 1164 2232 aequilibraretur,
1176 2187 1297 2221 minus
1311 2187 1443 2231 aliquis
1456 2186 1620 2230 effectus,

358 2259 402 2282 ex
426 2245 698 2290 cooperatione,
715 2254 780 2288 per
805 2243 1048 2278 mutationem
1075 2243 1107 2277 Sc
1132 2242 1483 2286 redintegrationem
1508 2241 1621 2287 aequi-

356 2302 463 2345 librii,
483 2300 684 2335 resultaret.
