1835 2672
322 135 388 169 140
513 126 697 162 CAPUT
726 127 1050 172 SECUNDUM,
1082 128 1278 164 SECTJO
1311 129 1387 164 [Η.

316 224 511 277 pluribus
533 239 669 266 unum
691 225 739 266 fit
761 240 838 279 per
860 240 1120 267 consensum
1153 227 1192 268 &
1220 227 1514 278 concordiam,
1537 227 1582 268 id

317 299 395 343 est,
416 307 494 346 per
524 295 873 345 unanimitatem,
902 310 980 337 nec
1014 310 1199 349 usquam
1232 296 1380 350 aliqua
1413 297 1583 338 Unani-

318 362 460 412 mitas,
478 363 558 403 nisi
575 377 653 416 per
668 364 894 406 Amorem.
939 365 1011 405 Ex
1029 365 1095 405 his
1109 365 1202 418 jam
1220 372 1421 406 constare
1437 366 1582 415 debet,

318 431 438 484 quod
465 432 632 486 absque
663 433 832 474 Amore
860 433 979 474 nulla
1006 434 1062 474 sit
1090 434 1223 485 Vita;
1256 433 1295 475 81
1330 434 1450 488 quod
1483 434 1584 476 talis

318 500 423 541 Vita
445 502 511 550 sit,
533 502 674 555 qualis
697 508 763 543 est
784 502 938 544 Amor.

376 569 441 612 68.
477 571 589 612 Cum
613 572 760 624 itaque
781 573 918 613 vitam
940 572 1131 622 Amoris,
1156 572 1193 614 &
1221 587 1279 613 ex
1302 587 1353 614 eo
1376 579 1584 622 nostram,

317 639 530 691 vivimus;
574 640 612 681 &
650 641 745 682 Nos
780 641 1019 694 Sapientiae
1055 642 1093 682 &
1130 642 1451 695 Intelligentiae,
1485 656 1584 695 quae

318 714 440 749 tuam
465 710 663 750 Mentem
686 710 953 759 conficimus,
978 711 1020 750 in
1043 710 1161 751 fibris
1188 724 1239 752 ac
1266 712 1388 752 venis
1416 717 1587 751 nostro-

319 791 414 818 rum
436 792 680 832 corporum,
703 792 790 820 non
812 779 1081 832 sanguinem,
1105 779 1182 820 sed
1205 793 1416 829 amorem,
1438 780 1495 820 ab
1518 780 1586 820 Eo

322 846 427 900 Ipso
462 848 653 888 infusum
691 847 730 888 δε
767 849 1086 899 continuatum,
1125 848 1404 903 ferimus(m),
1438 854 1588 889 nostra

369 971 435 1015 (m)
463 972 620 1015 Dicitur,
649 972 750 1018 quod
781 972 982 1017 Sapientiae
1015 984 1059 1007 ac
1092 973 1364 1018 Intelligentiae,
1393 983 1458 1007 seu
1487 972 1589 1018 quod

320 1027 452 1061 eodem
470 1028 610 1071 recidit,
626 1029 737 1062 Mens
755 1035 893 1071 nostra,
907 1027 1011 1072 cujus
1030 1034 1086 1063 est
1108 1029 1322 1063 Intellectus
1341 1028 1373 1063 &
1391 1028 1588 1072 Voluntas,

321 1093 396 1116 non
418 1083 531 1116 alium
557 1083 777 1128 sanguinem
804 1095 868 1118 seu
893 1083 1075 1128 spiritum,
1093 1084 1130 1118 in
1157 1084 1232 1118 suis
1250 1084 1368 1119 Venis
1395 1084 1428 1118 ἅ
1455 1084 1590 1127 Fibris,

321 1149 434 1183 quarn
451 1139 640 1183 Amorem,
659 1150 724 1174 seu
741 1139 857 1173 vitam
875 1138 964 1184 ejus,
983 1139 1103 1174 ferant
1120 1152 1128 1181 ;
1154 1139 1191 1173 id
1210 1139 1361 1184 quidem
1385 1151 1407 1173 a
1432 1139 1588 1174 Phaeno-

320 1194 440 1228 menis
458 1194 626 1228 omnium
645 1194 856 1229 Effectuum
874 1195 1134 1237 confirmatur3
1160 1206 1289 1230 verum
1302 1201 1341 1229 ut
1356 1194 1455 1229 idem
1474 1196 1587 1230 etiam

321 1250 565 1296 aliquatenus,
598 1262 665 1295 per
698 1251 818 1296 ipsam
851 1251 1075 1294 Anatomen,
1109 1257 1245 1296 pateat,
1279 1251 1390 1286 liceat
1423 1251 1588 1296 aliquam

320 1305 446 1340 ideam
469 1306 701 1341 formationis
724 1313 862 1340 nostrae
887 1306 1027 1341 Mentis
1050 1306 1206 1341 tradere.
1260 1306 1462 1341 Neminem
1486 1306 1589 1349 latet,

321 1362 422 1406 quod
440 1362 565 1396 omnia
582 1369 709 1396 nostra
729 1363 890 1406 Organa,
905 1368 981 1396 tam
999 1362 1173 1397 Sensoria
1191 1374 1303 1407 quarn
1320 1362 1494 1406 Motoria,
1509 1368 1588 1397 tum

322 1416 434 1451 etiam
464 1417 630 1461 Viscera,
656 1429 762 1451 suam
788 1417 968 1451 fabricam
994 1428 1036 1451 ex
1062 1417 1163 1451 fibris
1189 1417 1222 1451 δι
1248 1417 1347 1451 vasis
1374 1417 1589 1461 sanguineis

322 1478 534 1507 contextam
559 1478 716 1516 gerant3
741 1472 771 1507 si
796 1472 864 1506 has
891 1473 1013 1515 fibras,
1038 1484 1122 1517 quae
1148 1472 1284 1516 omnia,
1304 1472 1337 1507 δε
1363 1472 1473 1506 simul
1497 1483 1590 1506 vasa

323 1527 538 1571 sanguinea,
565 1528 801 1570 concinnant,
826 1538 944 1572 usque
969 1527 1017 1561 ad
1043 1539 1110 1562 sua
1139 1527 1332 1573 principia,
1358 1538 1422 1562 seu
1448 1527 1589 1572 primos

324 1589 436 1627 ortus,
463 1583 676 1618 continente
703 1583 827 1626 ductu,
853 1583 1118 1628 persequimur,
1145 1583 1386 1618 manifestum
1411 1583 1589 1626 redditur,

323 1638 425 1682 quod
445 1649 575 1673 omnes
601 1638 638 1672 in
666 1638 872 1672 Glandulas
900 1638 1116 1681 Corticales,
1135 1638 1172 1671 in
1192 1638 1364 1681 Cerebro,
1385 1638 1589 1681 Cerebello,

326 1694 493 1729 Medulla
515 1694 729 1739 Oblongata
751 1700 814 1729 aut
839 1694 992 1739 Spinali,
1011 1694 1194 1738 desinant,
1213 1694 1246 1728 ἃ
1270 1694 1322 1728 sic
1345 1704 1390 1728 ex
1413 1693 1458 1728 iis
1482 1693 1590 1738 origi-

324 1761 410 1784 nem
428 1762 534 1784 suam
551 1751 700 1785 trahant
715 1763 722 1791 3
751 1761 864 1795 quare
882 1761 936 1784 eae
954 1750 1045 1794 ipsae
1068 1749 1265 1794 glandulae,
1285 1759 1367 1793 quae
1386 1754 1470 1782 sunt
1488 1749 1587 1793 prin-

324 1806 422 1850 cipia
452 1806 637 1849 fibrarum,
664 1805 777 1840 etiam
806 1805 988 1850 principia
1014 1812 1098 1839 sunt
1124 1804 1291 1839 omnium
1317 1803 1589 1849 operationum,

325 1873 409 1907 quae
427 1873 493 1906 per
511 1861 622 1896 fibras
646 1861 851 1895 excitantur
874 1860 907 1895 ἃ
930 1867 1170 1901 exercentur;
1196 1859 1352 1905 proinde
1376 1859 1413 1892 in
1438 1859 1482 1893 iis
1506 1865 1592 1894 sunt

325 1917 507 1963 principia
531 1924 741 1951 nostrarum
769 1917 963 1960 Mentium,
987 1916 1152 1961 ipsaeque
1180 1916 1338 1958 Mentes‚
1357 1925 1445 1948 nam
1471 1914 1520 1948 ad
1545 1925 1591 1949 ea

325 1974 483 2007 subeunt
501 1984 631 2007 omnes
650 1972 892 2015 sensationes,
908 1972 940 2006 &
958 1983 1002 2007 ex
1021 1972 1063 2006 iis
1083 1972 1199 2005 fluunt
1217 1981 1346 2005 omnes
1364 1969 1590 2004 determina-

324 2029 444 2064 tiones
462 2028 662 2062 voluntatis
682 2028 718 2061 in
737 2039 823 2062 suos
847 2034 952 2062 actus
969 2040 976 2069 ;
1002 2038 1072 2062 nec
1091 2027 1199 2061 datur
1217 2026 1303 2060 alibi
1322 2025 1405 2059 finis
1424 2025 1456 2060 δε
1474 2025 1590 2070 origo,

324 2095 438 2129 quare
457 2083 500 2117 iis
519 2083 726 2126 destructis,
745 2090 808 2118 aut
827 2083 927 2118 fibris
946 2083 1135 2126 abscissis,
1153 2093 1236 2127 quae
1259 2081 1308 2115 ad
1333 2081 1484 2125 Organa
1509 2092 1590 2116 sen-

324 2139 434 2182 soria,
451 2139 509 2173 vel
526 2138 574 2172 ad
596 2139 798 2182 Musculos,
817 2139 986 2182 tendunt,
1004 2144 1159 2183 pereunt
1183 2137 1281 2171 illico
1306 2136 1538 2171 sensationes
1558 2136 1591 2171 δε

325 2195 501 2229 actiones.
545 2195 644 2238 Ergo
663 2194 692 2228 si
707 2194 787 2239 jam
805 2195 885 2229 illas
901 2194 1099 2238 glandulas
1118 2204 1182 2228 seu
1201 2192 1417 2237 sphaerulas,
1436 2198 1475 2225 ut
1492 2191 1591 2236 prin-

326 2250 423 2295 cipia
456 2250 622 2284 omnium
655 2250 770 2284 nostri
806 2249 980 2294 Corporis
1014 2249 1214 2283 formarum
1247 2246 1528 2291 Organicarum,
1558 2245 1592 2280 &

327 2317 453 2341 earum
484 2305 720 2341 Facultatum
746 2316 790 2340 ac
823 2305 1103 2351 Operationum,
1130 2302 1386 2349 expendimus,
1415 2301 1452 2336 in
1482 2312 1592 2347 opem
