1783 2760
439 157 516 191 DE
553 157 618 192 Ol?
626 158 698 192 TU
726 158 1106 197 PRJMOGEAYTJ.
1357 168 1401 203 49

149 255 337 295 ducebat
351 255 668 304 inchoamenta,
683 269 867 308 quorum
882 257 1120 296 secundum
1136 263 1400 310 augumenta

150 323 338 364 molliter
365 324 709 373 intumescebat,
760 324 923 364 Verum
949 330 996 364 ut
1023 339 1079 364 ex
1108 325 1173 364 his
1201 326 1401 378 auspiciis

150 391 358 432 Divinum
397 392 479 432 hoc
510 392 747 444 compleret
779 407 898 445 opus,
932 393 1035 432 nihil
1069 406 1155 432 non
1185 407 1281 433 cum
1313 394 1400 433 suis

148 461 312 501 naturis
362 473 599 509 occurrens,
639 461 677 500 ei
727 460 1012 512 adjutabilem
1060 461 1168 501 ferre
1210 475 1399 514 operam,

147 529 342 569 studiose
374 529 411 569 δι
446 528 723 569 vehementer
754 529 1056 569 contendebat.
1120 529 1223 582 Ipsa
1256 529 1401 569 Arbor

147 597 276 646 Vstae,
299 611 465 637 ramum
489 611 624 645 suum,
647 598 721 649 qui
743 610 920 636 aureum
943 597 1025 637 hoc
1047 596 1084 636 ἃ
1106 597 1237 637 vitale
1258 603 1400 650 gesta-

147 664 223 704 bat
245 678 437 717 pomum,
459 665 501 704 in
524 664 665 704 lenem
690 664 727 704 δε
750 663 920 704 facilem
950 678 995 704 se
1024 664 1278 717 explicabat
1307 671 1400 705 ute-

147 746 253 781 rum,
271 732 308 772 &
326 733 439 773 hunc
457 733 575 773 tenui
596 732 715 782 libro,
735 732 772 772 ἃ
796 732 1026 772 molliculis
1050 733 1172 781 foliis,
1188 735 1398 786 operiens,

143 801 292 841 vicinis
315 801 539 841 frondibus
560 800 785 841 alumnum
805 801 1023 841 subtraxit
1041 815 1230 850 succum,
1250 801 1287 841 ἃ
1306 802 1398 854 ejus

144 869 245 908 vitae
267 869 391 908 unice
412 868 652 908 consuluit:
702 867 896 907 Arbores
918 869 1070 907 vicinae
1099 869 1231 908 etiam
1259 882 1397 917 suurn,

145 936 202 976 ad
235 937 399 977 radices
427 936 566 989 hujus,
587 942 784 976 centrum
817 936 923 976 Luci
953 937 1213 985 coronantis,
1235 937 1401 977 deriva-

145 1005 264 1054 bant,
285 1006 458 1057 gavisae,
479 1005 595 1057 quod
628 1004 791 1057 aliquid
822 1005 934 1053 vitae,
957 1018 1014 1044 ex
1045 1006 1124 1044 sua
1153 1005 1401 1057 vegetabili,

146 1073 289 1113 eidem
323 1074 531 1126 impertiri
563 1074 721 1114 liceret.
783 1072 859 1114 Sol
896 1073 952 1112 ad
989 1072 1189 1112 ultimum
1221 1073 1304 1113 hoc
1336 1075 1400 1113 sui

147 1142 298 1182 mundi
322 1142 478 1191 Ovum,
500 1143 543 1181 in
565 1156 651 1195 quo
676 1141 909 1194 Spirituale
931 1142 1111 1181 ardebat
1134 1141 1293 1191 lumen,
1314 1156 1399 1182 non

147 1224 276 1251 ausus
298 1216 363 1250 est
391 1224 488 1250 cum
517 1224 595 1250 suo
627 1210 788 1249 lumine
815 1223 949 1262 prope
979 1210 1195 1258 accedere,
1217 1211 1296 1250 nisi
1326 1224 1403 1263 per

147 1279 301 1327 radios,
326 1280 398 1331 qui
422 1292 498 1331 per
519 1278 662 1319 lucida
684 1277 853 1329 trajecti
877 1291 1019 1330 poma,
1043 1278 1080 1318 δε
1103 1278 1163 1317 sic
1187 1279 1229 1318 in
1259 1279 1401 1331 cujus-

147 1347 250 1387 dam
273 1346 388 1387 floris
411 1347 533 1399 quasi
556 1347 682 1386 strias
704 1346 825 1394 versi,
845 1346 1099 1385 immitiores
1117 1347 1270 1386 caloris
1292 1348 1402 1387 vires

147 1415 358 1456 exuerint.
420 1415 512 1455 Aer
538 1429 636 1454 cum
665 1428 743 1454 suo
769 1414 885 1454 Vere
918 1413 956 1454 &
994 1414 1196 1467 Zephyro
1225 1416 1401 1467 quidem

146 1484 375 1537 aspirabat,
391 1484 466 1523 sed
488 1484 648 1523 vetitus
671 1488 717 1522 ut
739 1483 928 1536 penitius
945 1483 1178 1531 invaderet,
1195 1497 1248 1524 ne
1265 1484 1397 1525 telam

146 1567 172 1593 a
193 1553 406 1605 supremis
428 1551 689 1600 inchoatam,
712 1551 776 1591 sui
795 1551 912 1590 rudis
937 1549 974 1590 &
1004 1551 1046 1590 in
1076 1550 1240 1591 ultimis
1269 1553 1397 1593 activi

147 1621 320 1674 spiritus
346 1620 506 1668 afflatu,
530 1620 764 1668 infestaret,
789 1619 826 1659 ἃ
856 1619 1048 1668 tenellos,
1071 1619 1214 1660 adhuc
1241 1621 1283 1660 in
1313 1609 1400 1661 suis

147 1689 431 1736 lineamentis,
451 1688 693 1736 Pulmones,
711 1693 812 1727 ante
829 1701 954 1727 suum
971 1687 1099 1736 diem,
1117 1690 1398 1741 expanderet.

146 1758 332 1798 Arbutei
356 1757 511 1797 surculi
533 1756 692 1796 circum
722 1756 832 1796 circa
861 1756 916 1795 ad
944 1756 1144 1808 praesidia
1173 1758 1274 1806 nati,
1299 1772 1398 1798 suas

145 1827 268 1879 quasi
290 1825 630 1878 exporrigebant
651 1824 788 1872 ulnas,
812 1831 858 1864 ut
885 1824 1102 1864 frondosae
1133 1827 1282 1865 matris
1307 1840 1398 1866 sus-

145 1901 363 1935 tentarent
380 1908 500 1941 onus,
521 1893 558 1933 &
576 1893 740 1940 nixum,
757 1893 861 1932 dum
878 1893 1068 1945 paritura
1086 1901 1207 1942 esset,
1225 1895 1399 1947 excipe-

146 1969 267 2012 rent;
313 1963 384 2002 alii
421 1962 636 2015 parabant
672 1975 815 2009 cunas,
851 1960 888 2001 &
920 1975 997 2013 per
1026 1960 1188 2001 Aerem
1222 1976 1246 2002 a
1283 1963 1399 2014 xylis

146 2031 375 2071 advectum
411 2029 744 2070 substernebant
778 2030 1062 2082 gossypium:
1111 2030 1270 2080 Verbo,
1306 2033 1402 2072 uni-

146 2114 268 2140 versa
299 2100 465 2147 vicinia,
487 2099 590 2138 data
619 2100 761 2151 opera,
783 2097 915 2137 solers
948 2097 986 2138 δε
1015 2099 1206 2140 officiosa
1234 2101 1401 2141 incum-

147 2168 290 2217 bebat,
303 2174 349 2208 ut
363 2167 465 2207 nihil
480 2168 529 2216 ei,
543 2167 821 2206 novissimam
839 2167 987 2206 mundi
1004 2167 1189 2220 effigiem
1205 2169 1402 2223 struentiff¹

148 2237 345 2277 deesset:
394 2236 510 2276 Nam
546 2236 693 2275 omnia
724 2235 785 2274 ita
815 2242 1069 2288 comparata
1100 2242 1232 2285 erant,
1266 2243 1312 2277 ut
1344 2237 1402 2278 ad.

757 2312 785 2342 E
