1783 2760
532 672 731 711 SECTIO
770 671 984 708 TERTIA

263 790 377 845 DE
432 791 782 845 VIVARIO
841 789 1252 844 PARADISI.

727 942 790 971 22.

160 1011 164 1012 ⁷
214 1010 333 1049 (ἤθε’)
385 1012 479 1051 AM
504 1011 665 1059 Tellus,
690 1024 888 1063 quosque
909 1011 1002 1050 sine
1024 1011 1211 1050 termino
1233 1011 1389 1063 patuit,

412 1094 458 1120 se
471 1086 518 1120 ut
533 1080 904 1132 spectatissimum
922 1079 1057 1118 totius
1076 1079 1232 1119 Mundi
1247 1078 1392 1118 Thea-

413 1155 528 1188 trum
558 1147 839 1197 ostentabat3
875 1154 966 1187 tam
997 1148 1112 1186 enim
1142 1146 1298 1187 festivo
1327 1148 1391 1187 in-

359 1262 370 1266 ,
412 1223 576 1257 structa
590 1215 917 1256 circumfluebat
931 1217 1267 1268 apparatu‚utin
1279 1229 1323 1256 se
1334 1229 1391 1255 ex

129 1287 330 1326 universo
349 1285 468 1326 Caelo
486 1290 791 1325 concentratas
809 1285 1062 1337 opimitates
1080 1298 1129 1324 ac
1146 1284 1393 1337 opulentias

129 1356 302 1395 unicam
325 1355 490 1395 diceres
512 1360 696 1407 portare.
746 1353 834 1394 Sed
855 1353 948 1401 hoc,
972 1354 1089 1406 quod
1111 1359 1202 1393 tam
1226 1354 1393 1405 specio-

129 1437 225 1464 sum
249 1430 350 1473 erat,
372 1437 503 1463 omne
525 1423 663 1462 caruit
684 1422 785 1472 vita,
810 1423 942 1462 modo
965 1429 1057 1462 erat
1086 1423 1272 1462 amictus
1300 1428 1392 1462 tam

126 1492 273 1532 lautus
296 1491 334 1532 δε
364 1490 542 1531 floridus
572 1504 628 1530 ex
659 1496 724 1530 tot
754 1489 873 1530 mille
901 1490 1116 1543 vegetatis
1144 1495 1394 1530 contextus

129 1561 300 1601 Natura
331 1560 446 1599 enim
479 1573 536 1599 ex
568 1572 647 1598 suo
677 1558 810 1607 fonte,
837 1572 911 1598 seu
944 1572 969 1598 a
1001 1558 1117 1607 Sole,
1143 1558 1394 1607 scaturiens,

125 1628 220 1681 jam
255 1641 420 1677 omnes,
455 1633 738 1679 quotcunque
771 1627 974 1679 expirare
1004 1627 1160 1680 potuit,
1189 1619 1395 1667 exhausit

130 1695 350 1748 potentias
368 1708 376 1745 ;
410 1707 511 1734 nam
535 1693 589 1733 ad
609 1692 964 1733 florentissimum
982 1693 1064 1733 hoc
1082 1692 1395 1746 perficiendum

131 1764 350 1817 Regnum,
382 1763 522 1802 ordini
555 1775 634 1802 suo
667 1761 961 1811 conformiter,
988 1762 1176 1815 primum
1210 1761 1396 1810 infimas,

132 1831 171 1872 ἃ
200 1833 379 1872 demum
408 1844 648 1883 supremas,
669 1831 711 1870 in
739 1831 905 1871 semina
936 1831 1279 1871 Productionum
1309 1830 1395 1870 col-

131 1900 243 1940 latas
264 1900 386 1948 vires,
410 1899 618 1947 evocavit,
644 1898 682 1938 &
712 1899 754 1937 in
783 1912 945 1938 novum
975 1899 1198 1951 quendam
1228 1904 1396 1938 naturae

132 1969 282 2009 orbem
306 1969 449 2008 emisit
473 1967 511 2007 ἃ
534 1967 817 2019 transcripsit.
867 1967 936 2007 Ita
959 1968 1204 2007 maximum
1228 1968 1397 2019 peregit

131 2050 302 2090 gyrum,
335 2036 372 2076 ἃ
402 2050 479 2089 per
504 2035 621 2075 hunc
654 2041 836 2075 caeteros
869 2049 1022 2075 omnes
1050 2035 1180 2088 huJ‘us
1213 2035 1396 2075 aemulos

132 2118 265 2159 gyros
282 2104 541 2145 instauravit
559 2104 625 2157 (ο).
672 2105 775 2157 Ipsa
797 2104 930 2144 etiam
948 2104 1099 2144 Tellus
1122 2117 1221 2144 suas
1244 2102 1398 2143 effudit

181 2214 230 2259 (ο)
245 2215 382 2250 Omnia
393 2214 492 2248 enim
506 2214 538 2248 ἃ
550 2213 695 2258 singula
710 2213 746 2247 in
753 2213 926 2247 universa
936 2213 1132 2256 Natura,&
1144 2212 1180 2246 in
1191 2211 1397 2257 unoquovis

132 2271 210 2316 ejus
238 2271 379 2314 Regno,
405 2281 487 2314 quae
513 2268 757 2303 determinate
782 2268 909 2311 fluunt,
933 2268 1158 2312 ejuscemodi
1184 2278 1292 2311 gyros
1318 2277 1396 2309 per-

135 2325 262 2360 ficiunt
276 2325 309 2359 &
323 2325 539 2366 absolvunt;
559 2324 710 2367 scilicet,
723 2334 744 2357 a
763 2323 837 2357 suis
851 2323 980 2368 primis
992 2323 1132 2358 naturis
1146 2322 1396 2367 auspicantur,
