1783 2760
453 154 531 189 DE
563 153 760 189 AMORE
793 152 1175 188 PRIMOGENITJ.
1379 160 1438 196 145

187 251 337 293 tinctae
374 250 412 292 &
448 251 631 291 diversae
661 250 759 299 sint,
791 249 900 290 sicut
932 250 1025 303 ipsa
1057 249 1257 299 Lumina,
1290 249 1327 290 δι
1360 249 1441 302 ipsi

189 320 379 369 calores,
401 320 456 359 de
477 319 632 372 quibus
655 325 745 359 tam
769 318 1016 370 frequenter
1036 317 1192 370 supra;
1225 331 1442 371 quaprop-

188 395 255 429 ter
276 389 448 428 Mentes
470 394 629 427 nostrae
656 393 758 427 sunt
787 387 949 427 Centra
979 387 1213 438 utriusque,
1236 386 1274 427 ἃ
1296 400 1443 427 versus

188 470 324 498 unum
354 470 404 496 ac
435 456 632 505 alterum,
664 470 731 504 se,
750 441 1008 504 arthrodice,
1033 454 1148 494 flecti
1182 454 1219 494 &
1251 455 1443 495 converti

190 526 425 579 patiuntur.
487 524 608 564 Deus
631 524 781 577 opifex
803 524 1038 575 utriusque,
1061 529 1151 563 tarn
1177 522 1283 563 Caeli
1312 537 1443 576 quam

189 593 356 642 Mundi,
380 598 427 632 ut
447 593 594 632 omnia
615 606 713 645 quae
736 592 778 631 in
801 591 958 631 infimis
980 597 1081 631 sunt
1104 593 1158 632 ad
1182 591 1274 643 ejus
1297 605 1444 644 supre-

189 675 274 711 ma,
297 661 334 702 ἃ
357 675 454 713 quae
478 661 520 700 in
543 661 719 700 extimis
745 661 799 700 ad
831 660 922 712 ejus
952 661 1115 709 intima,
1138 674 1236 713 quae
1264 661 1391 701 valde
1419 676 1445 702 a

189 744 236 771 se
267 730 451 770 invicem
484 730 661 779 distant,
688 729 725 769 &
756 729 816 769 sic
847 729 928 769 rite
959 742 1037 769 suo
1068 730 1231 778 ordine,
1253 730 1363 770 irent
1395 743 1444 770 ac

190 799 406 848 redirent;
449 804 583 850 utque
619 798 844 838 universus
882 797 1084 846 Mundus,
1119 798 1230 837 sicut
1266 798 1446 846 Caelum,

190 880 288 907 cum
320 867 407 906 suis
439 866 586 906 usibus
618 880 668 906 ac
703 866 874 914 delitiis,
907 866 963 906 ad
995 865 1208 906 Amorem
1239 873 1446 916 nostrum,

191 949 267 988 per
294 941 523 987 utramque
551 935 678 982 viam,
702 948 727 974 a
761 934 817 975 Se
846 934 1017 983 scilicet,
1042 934 1080 974 &
1111 934 1239 974 simul
1271 935 1444 983 directe,

191 1003 433 1052 influerent,
467 1002 505 1042 ἃ
547 1003 606 1042 sie
650 1002 729 1042 Ille
768 1003 914 1042 omnia
949 1002 987 1042 &
1023 1003 1194 1055 singula
1231 1017 1287 1043 ex
1324 1017 1446 1043 sacro

191 1071 370 1112 Amoris
386 1072 450 1111 sui
469 1072 578 1124 igne,
595 1085 643 1111 ac
663 1071 971 1124 Intelligentiae
987 1071 1024 1112 ἃ
1043 1070 1280 1124 Sapientiae
1297 1072 1446 1124 adyto,

192 1140 469 1192 disponeret,
523 1140 708 1179 Fontem
737 1139 868 1179 etiam
891 1139 1005 1189 vitae,
1026 1153 1125 1180 cum
1153 1140 1241 1179 suis
1268 1139 1446 1188 infinitis

193 1207 303 1257 rivis,
326 1208 367 1247 in
391 1208 485 1260 ipsa
506 1209 660 1248 natura
683 1207 848 1255 Mundi,
872 1208 1107 1259 e.«citavit;
1139 1209 1303 1261 absque
1331 1209 1446 1249 enim

192 1276 269 1316 tali
292 1275 502 1329 spirituali
526 1276 657 1324 fonte,
679 1276 721 1315 in
744 1276 838 1328 ipso
869 1276 1049 1327 Mundo,
1073 1290 1159 1316 non
1188 1276 1447 1329 perfectissi-

194 1358 290 1384 mus
305 1344 505 1384 inductus
520 1344 670 1384 fuisset
687 1343 828 1385 Ordo:
853 1344 946 1384 haec
964 1345 1107 1385 Causa
1121 1345 1201 1385 fuit
1218 1346 1446 1386 creationis

191 1411 378 1465 plurium
402 1413 631 1464 spirituum
654 1426 704 1452 ac
725 1413 964 1465 geniorum,
985 1427 1059 1453 seu
1088 1413 1275 1466 plurium
1304 1428 1447 1454 essen-

191 1481 363 1529 tiarum,
386 1494 483 1533 quae
505 1481 574 1521 hic
595 1482 771 1531 vivunt3
805 1487 936 1534 atque
957 1483 1083 1521 unius
1106 1484 1303 1522 omnium
1328 1483 1448 1523 Prin-

192 1549 299 1601 cipis
321 1555 396 1589 aut
418 1549 549 1597 ducis,
573 1563 704 1602 quem
728 1550 914 1589 Fontem
939 1549 1052 1590 illius
1074 1551 1186 1599 vitae,
1209 1550 1246 1591 &
1269 1557 1448 1591 caeteros

193 1616 324 1657 fontis
360 1617 472 1657 illius
510 1618 632 1666 rivos,
665 1617 948 1670 appellamus.
1013 1618 1098 1658 Hic
1136 1618 1256 1659 Deus
1292 1615 1448 1659 Mundi

192 1685 333 1726 factus
355 1692 430 1733 est,
453 1700 502 1726 ac
524 1685 643 1726 Aula
665 1686 757 1739 ejus
779 1687 931 1726 similis
953 1686 1083 1726 Aulae
1114 1687 1290 1728 Caelesti
1309 1703 1317 1738 3
1349 1702 1449 1728 suos

193 1754 326 1794 etiam
358 1755 569 1807 primores
601 1769 650 1794 ac
681 1761 889 1807 satrapas,
921 1755 1032 1795 inter
1064 1769 1173 1807 quos
1205 1756 1490 1808 provincias-⁴·

193 1823 376 1872 ordinat,
411 1836 511 1863 suas
553 1824 698 1871 etiam,
739 1837 847 1876 quas
889 1823 1005 1871 dicit,
1050 1823 1369 1876 Inte-lligentias
1411 1825 1449 1865 &

196 1890 455 1943 Sapientias,
472 1892 559 1931 imo
583 1891 752 1931 infinita
774 1891 1023 1940 ministeria,
1039 1892 1149 1931 sicut
1172 1892 1314 1945 Regni
1338 1893 1450 1933 illius

194 1959 438 2012 amplitudo
475 1961 625 2012 poscit,
659 1960 818 2009 habet3
851 1960 925 1999 sed
964 1973 1096 2012 penes
1132 1960 1274 2012 ipsum
1309 1963 1451 2001 omnis

193 2025 267 2066 illa
289 2017 354 2067 res
373 2034 437 2067 est
455 2039 464 2075 ;
494 2041 596 2067 nam
615 2041 824 2080 magnum
844 2034 963 2067 tenet
981 2028 1222 2080 imperium,
1237 2036 1450 2081 quantum

195 2095 357 2136 scilicet
378 2095 460 2136 hoc
481 2096 756 2144 Universum,
771 2096 887 2148 quod
910 2097 1036 2136 nudis
1053 2096 1188 2136 oculis
1206 2098 1449 2150 subjeetum

195 2169 326 2216 patet.
391 2164 492 2216 Ipsa
521 2164 689 2204 Natura
718 2164 873 2204 Mundi
903 2170 967 2204 est
996 2165 1113 2205 Vitae
1147 2179 1316 2218 expers,
1338 2166 1452 2206 facta

196 2231 337 2272 solum
359 2239 407 2272 ut
432 2233 644 2272 Essentiis
669 2232 976 2284 Spiritualibus
999 2246 1073 2272 seu
1100 2233 1323 2273 Mentibus
1343 2235 1451 2274 vivis

197 2313 274 2352 pro
312 2300 454 2342 Causa
496 2300 824 2341 Instrumentali
864 2306 938 2341 aut
977 2300 1195 2353 Organica
1235 2302 1450 2351 inserviat,

814 2378 842 2408 L
