1835 2672
341 146 389 182 94
551 137 734 173 CAPUT
762 138 1083 182 SECUNDUM,
1120 137 1313 172 SECTJO
1345 137 1399 172 II.

344 250 402 276 ex
424 236 532 276 meis
553 237 682 286 enim,
703 250 800 289 quae
822 236 902 277 tibi
923 236 1041 276 datae
1065 242 1177 285 sunt,
1198 235 1482 285 bonitatibus,
1505 248 1603 276 nas-

344 311 497 345 centur
517 305 661 346 adhuc
683 319 835 356 novae;
867 319 968 345 nam
992 305 1199 358 quicquid
1221 318 1279 345 ex
1306 318 1375 344 me
1403 309 1536 353 tenes,
1559 304 1604 344 id

345 374 488 415 fertile
511 374 548 415 ἃ
578 374 821 428 prolificum
851 380 926 424 est,
958 373 996 414 &
1024 375 1134 415 sicut
1162 387 1322 422 semen,
1352 373 1469 426 quod
1498 373 1603 413 dum

345 457 502 497 gyrum
524 457 651 484 suum
675 444 717 484 in
741 445 894 483 natura
916 443 1143 497 peregerit,
1160 444 1316 483 iterum
1337 456 1424 483 non
1443 455 1605 491 semen,

346 512 424 552 sed
456 513 635 561 semina,
667 513 894 565 producit:
934 511 1028 552 haec
1059 511 1281 553 involvent
1313 525 1471 560 meum,
1502 524 1605 551 nam

346 581 465 635 quod
487 582 704 635 optimum
727 587 805 631 est‚
819 595 864 621 se
887 582 928 621 in
952 581 1114 621 intimis
1132 580 1393 635 recondit(r)
1410 594 1418 621 ;
1438 580 1605 620 semina

394 707 443 752 (r)
472 708 612 741 Omnes
644 706 911 750 Formationes‚
940 707 1033 741 sicut
1063 718 1174 751 supra
1206 707 1442 741 observatum
1471 712 1538 749 est,
1567 705 1606 740 in

349 763 661 798 communissimis
687 762 925 806 conveniunt,
944 773 987 797 ac
1012 763 1049 795 in
1071 773 1115 796 eo
1138 763 1336 807 praecipue,
1354 762 1453 807 quod
1476 762 1607 796 intima

349 830 413 853 seu
424 818 632 863 purissima,
645 829 728 862 quae
740 823 823 851 sunt
835 817 925 862 ipsae
938 817 1120 851 Essentiae
1135 829 1198 852 seu
1211 817 1445 861 Essentialia,
1457 817 1606 862 quando

349 885 388 909 se
416 874 452 908 in
481 874 742 908 convenientes
773 872 922 916 formas,
949 884 1065 917 usque
1092 873 1140 907 ad
1168 873 1329 916 ultimas,
1355 873 1607 918 explicuerint,

349 940 414 975 per
430 929 616 964 mirabiles
635 929 863 972 insertiones,
876 939 915 962 se
932 928 981 962 ad
1000 928 1129 962 intima
1142 929 1319 970 reserant;
1346 929 1439 962 sicut
1454 928 1606 971 semina,

349 986 438 1020 dum
468 996 507 1019 se
537 985 574 1018 in
603 984 797 1018 frondosas
827 984 977 1018 arbores
1007 984 1241 1028 exseruerint,
1273 984 1359 1018 dein
1391 983 1607 1029 purissimas

349 1051 542 1075 succorum
566 1051 715 1075 suorum
738 1039 918 1074 essentias
942 1039 1072 1074 iterum
1099 1039 1133 1072 in
1161 1039 1266 1073 novis
1293 1039 1496 1074 seminibus
1521 1050 1608 1073 con-

349 1102 516 1131 centrent
536 1108 543 1130 :
584 1095 771 1140 quomodo
805 1106 845 1129 se
876 1106 1002 1129 versus
1036 1095 1166 1129 intima
1198 1095 1401 1140 recipiunt;
1436 1095 1484 1129 ab
1518 1095 1607 1139 ipsis

347 1152 526 1186 fructibus
545 1151 785 1196 conspicuum
802 1151 961 1192 sistitur;
983 1151 1020 1184 in
1034 1151 1172 1184 intimis
1186 1150 1284 1185 enim
1302 1161 1429 1185 eorum
1446 1151 1608 1185 formant

350 1207 420 1242 sibi
449 1207 588 1250 thecas,
614 1207 646 1241 &
672 1207 739 1240 has
764 1206 918 1251 ipsaque
945 1217 984 1240 se
1009 1205 1205 1240 involucris
1232 1205 1265 1239 δε
1289 1205 1514 1240 membranis
1541 1205 1608 1239 cir-

350 1263 574 1297 cumducunt
590 1275 598 1305 ;
624 1263 661 1296 in
679 1262 736 1295 his
755 1262 871 1296 latent
889 1261 1083 1306 ipsissimae
1097 1261 1192 1295 vires
1211 1261 1419 1305 seminales,
1433 1272 1516 1306 quae
1533 1272 1607 1295 non

350 1318 432 1361 nisi,
466 1318 617 1353 reclusis
658 1318 866 1360 involucris,
899 1324 1103 1361 erumpunt.
1172 1318 1216 1350 In
1251 1317 1413 1361 Corpore
1445 1316 1609 1350 Animali

352 1374 542 1415 similiter3
568 1373 696 1418 primae
715 1373 746 1407 Sc
765 1373 971 1417 purissimae
988 1373 1100 1416 fibrae,
1119 1384 1201 1417 quae
1219 1379 1303 1406 sunt
1326 1373 1416 1417 ipsae
1438 1372 1607 1407 determi-

351 1429 520 1463 nationes
549 1428 778 1471 essentiales,
804 1439 869 1462 seu
898 1439 942 1462 ex
971 1428 1102 1472 quibus
1132 1427 1372 1471 designantur
1400 1428 1526 1462 formae
1552 1439 1608 1461 or-

350 1484 505 1528 ganicae,
523 1483 611 1517 dum
634 1494 765 1528 gyrum
788 1494 894 1517 suum
918 1494 1162 1526 communem,
1181 1494 1297 1527 usque
1314 1483 1363 1517 ad
1386 1483 1524 1525 ultima,
1543 1493 1607 1517 seu

352 1540 401 1573 ad
430 1541 511 1584 ipsa
539 1550 629 1573 vasa
659 1539 871 1583 sanguinea,
898 1539 1115 1583 peregerint,
1142 1539 1272 1573 iterum
1298 1550 1362 1583 per
1388 1550 1442 1582 ea,
1468 1539 1515 1572 ad
1541 1550 1609 1573 sua

351 1595 544 1640 principia,
563 1605 627 1628 seu
650 1594 844 1638 glandulas
868 1593 1070 1636 corticales‚
1093 1593 1258 1636 redeunt,
1278 1593 1310 1627 ἃ
1334 1604 1399 1638 per
1421 1594 1609 1628 mirabiles

352 1651 583 1693 insertiones,
602 1661 641 1684 se
658 1650 748 1692 istis,
767 1649 841 1683 suis
862 1649 1063 1693 principiis,
1082 1648 1284 1692 involvunt,
1303 1649 1335 1683 δι
1361 1649 1500 1693 uniunt,
1520 1649 1568 1683 ibi
1588 1660 1610 1683 a

353 1705 455 1740 fibris
484 1705 689 1750 purissimis
718 1705 952 1749 adoptantur,
982 1704 1015 1738 ἃ
1044 1704 1148 1748 quasi
1178 1704 1483 1746 introducuntur3
1521 1715 1609 1738 nam

354 1761 559 1806 composita
576 1761 726 1795 influere
744 1766 930 1804 nequeunt
948 1760 984 1793 in
1003 1760 1195 1804 simplicia,
1211 1760 1276 1794 sed
1290 1760 1473 1804 simplicia
1487 1760 1525 1794 in
1544 1771 1611 1794 sua

355 1817 570 1861 composita,
590 1817 673 1850 talis
691 1827 765 1849 non
783 1816 876 1849 alius
895 1815 1013 1857 datur,
1031 1815 1118 1860 quia
1136 1815 1214 1849 dari
1233 1827 1307 1849 non
1325 1822 1458 1860 potest,
1476 1816 1513 1849 in
1530 1815 1610 1849 uni-

353 1873 460 1906 versa
478 1872 619 1915 natura,
637 1872 738 1906 ordo.
790 1871 964 1905 Similiter
984 1871 1156 1915 Corporis
1174 1871 1289 1905 nostri
1308 1872 1471 1915 Viscera,
1491 1872 1609 1905 Mem-

353 1928 431 1971 bra,
453 1927 622 1969 Musculi,
643 1927 768 1969 Nervi,
784 1926 848 1961 &o
864 1926 1008 1960 illorum
1025 1926 1189 1960 minimae
1206 1933 1341 1971 partes,
1360 1938 1422 1960 seu
1438 1926 1610 1968 unitates,

355 1994 406 2027 se,
430 1983 522 2017 sicut
545 1983 844 2026 multiplicantur,
869 1982 1146 2016 circumducunt
1169 1982 1301 2016 tunicis
1325 1993 1389 2016 seu
1413 1982 1610 2016 involucris

354 2038 482 2072 ordine
500 2038 825 2080 communioribus,
837 2037 884 2071 ad
899 2048 982 2082 quae
996 2048 1038 2070 ex
1057 2037 1208 2081 singulis
1226 2037 1392 2088 partibus
1410 2037 1611 2081 ligamenta

355 2106 419 2128 seu
437 2094 582 2127 vincula
600 2094 826 2136 emittuntur,
841 2104 923 2138 quae
941 2105 979 2127 se
997 2093 1175 2127 insertant
1190 2093 1221 2127 &
1235 2093 1387 2136 alligant
1402 2093 1611 2136 involucris,

355 2150 505 2184 demum
522 2149 835 2192 communissimo,
851 2155 888 2183 ut
902 2149 1048 2183 vinculo
1063 2149 1245 2189 omnium3
1275 2148 1494 2182 Communia
1511 2148 1611 2183 enim

354 2216 376 2238 a
394 2205 470 2239 suis
486 2204 662 2249 partibus,
675 2215 748 2237 non
767 2211 889 2238 autem
904 2211 1025 2248 partes
1040 2215 1061 2238 a
1075 2205 1149 2238 suis
1165 2204 1420 2238 communibus
1435 2203 1609 2237 oriuntur.

357 2262 414 2294 Ita
432 2260 468 2294 in
487 2260 658 2293 omnibus
676 2259 837 2304 reliquis,
856 2260 902 2294 de
920 2260 1052 2304 quibus
1072 2259 1189 2293 forma
1207 2266 1269 2294 aut
1294 2259 1499 2293 substantia
1517 2269 1610 2302 prae—

355 2316 470 2350 dicari
500 2321 630 2360 potest.
682 2314 821 2349 Similis
848 2315 961 2350 etiam
986 2315 1157 2350 formatio
1184 2321 1239 2350 est
1267 2321 1476 2349 nostrarum
1506 2314 1611 2348 Men-
