1783 2760
490 133 569 168 DE
603 132 803 168 AMORE
834 132 1219 167 PRIMOGENJTJ.
1422 142 1482 175 141

226 233 406 273 omnino
436 231 575 278 refert,
611 236 658 271 ut
692 230 892 279 sciamus,
925 230 1021 282 quis
1057 236 1134 279 est,
1169 230 1207 270 ἃ
1240 229 1380 282 qualis
1415 229 1487 270 ille

227 301 380 351 Amor,
408 300 489 341 sub
516 299 638 352 cujus
673 305 780 339 nutu
816 298 957 346 Orbis,
986 311 1117 350 quem
1151 298 1366 338 credimus
1394 312 1488 339 esse

229 376 437 418 nostrum,
455 369 618 421 regitur
637 383 644 408 :
676 367 788 409 Sunt
806 367 921 407 enim
940 366 1129 406 Amores
1151 366 1319 416 infiniti,
1338 380 1487 407 verum

229 451 351 486 unus,
374 437 569 478 omnium
592 441 738 489 partes
758 435 838 475 sibi
865 435 1155 488 potissimum,
1177 435 1219 475 in
1249 435 1489 488 unaquavis

229 506 395 555 Mente,
418 505 627 558 deposcit,
650 504 735 557 qui,
758 510 805 544 ut
833 517 1061 557 supremus
1091 503 1350 553 moderator,
1372 517 1490 544 sum-

229 587 347 614 mam
369 587 511 614 rerum
534 573 824 621 administrat,
847 572 884 613 &
915 573 1026 612 inter
1053 578 1236 612 caeteros
1264 572 1489 625 dispensat

228 642 395 683 officia:
446 642 484 682 ἃ
526 642 628 694 quia
667 641 854 681 totidem
894 653 1075 680 numero
1117 646 1230 689 sunt,
1271 641 1488 681 distinctae

229 717 388 750 nostrae
424 710 724 763 perceptiones
761 715 974 762 pereunt;
1022 722 1124 748 nam
1165 722 1255 761 prae
1297 708 1391 748 sola
1427 709 1490 748 in-

229 778 407 827 finitate,
431 778 684 831 cumprimis
707 778 884 830 quando
907 778 1039 817 etiam
1069 777 1292 827 dissident,
1316 778 1490 817 Mentes

227 847 446 901 caligant;
477 860 575 899 quae
610 847 742 886 etiam
776 860 907 886 causa
939 852 1015 895 est,
1039 846 1156 898 quod
1191 847 1246 894 id,
1270 846 1387 899 quod
1423 851 1489 886 est

229 929 359 956 omne
400 916 443 955 in
485 915 701 963 omnibus,
744 915 926 955 intuitus
967 921 1150 964 nostros
1186 929 1274 968 prae
1311 915 1489 962 caeteris,

227 1025 396 1060 vocando
420 1025 629 1058 Anatomen
656 1025 802 1059 Cerebri
823 1025 859 1058 in
883 1036 1028 1069 genere,
1047 1031 1125 1059 turn
1149 1025 1262 1059 etiam
1289 1025 1491 1060 Doctrinas

232 1081 461 1122 Formarum,
481 1080 631 1113 Ordinis
659 1080 691 1113 δι.
719 1079 920 1122 Graduum,
938 1087 976 1114 ut
1003 1080 1035 1114 δε
1064 1080 1281 1123 Influxuum,
1299 1091 1343 1114 ac
1363 1081 1489 1115 Corre-

230 1135 545 1180 spondentiarum,
571 1135 761 1179 pervenire
790 1146 999 1179 possumus,
1025 1135 1073 1168 ad
1105 1135 1375 1179 Cognitionem,
1402 1146 1491 1180 quo—

229 1190 341 1224 modo
362 1190 545 1234 Principia
563 1189 625 1223 illa
642 1189 799 1223 formata
817 1196 912 1232 sunt,
928 1201 991 1224 seu
1006 1190 1194 1234 quomodo
1213 1201 1256 1224 ex
1273 1190 1491 1235 purissimis,

229 1252 292 1280 aut
324 1245 499 1279 fibrarum
534 1245 707 1289 Corporis
738 1245 881 1279 aemulis
912 1245 1013 1279 fibris
1045 1252 1239 1287 contexta;
1279 1246 1311 1279 ἃ
1341 1246 1492 1290 quidem

230 1300 420 1336 evidenter
444 1300 492 1334 ad
518 1311 612 1342 eam,
630 1300 729 1345 quod
755 1300 954 1334 staminula
980 1300 1041 1334 illa
1066 1307 1239 1334 extremae
1267 1301 1491 1344 subtilitatis,

230 1356 404 1391 fibrarum
424 1356 608 1400 Corporis,
627 1362 666 1390 ut
685 1356 769 1399 dixi,
788 1356 933 1398 aemula,
953 1367 1016 1390 seu
1035 1367 1101 1401 per
1117 1357 1359 1391 eminentiam
1377 1358 1490 1400 fibrae,

229 1423 303 1445 non
331 1411 424 1446 ferre
453 1418 589 1456 queant
619 1411 730 1446 talem
760 1412 973 1453 essentiam,
999 1418 1061 1446 aut
1090 1412 1164 1446 tale
1192 1412 1355 1455 fluidum,
1383 1414 1492 1458 quale

230 1466 333 1500 fibrae
359 1467 406 1500 ab
432 1466 502 1499 illis
533 1466 733 1506 derivatae;
771 1466 927 1510 proinde
957 1477 1031 1500 non
1063 1466 1239 1510 Spiritum
1268 1467 1492 1510 Animalem,

208 1558 209 1561 Ἴ
229 1522 351 1556 minus
365 1521 589 1564 Sanguinem
603 1521 764 1563 rubrum,
777 1521 924 1565 qualem
937 1522 1048 1563 Vasa,
1061 1533 1124 1556 seu
1138 1522 1293 1556 Arteriae
1308 1522 1339 1556 δέ
1354 1523 1469 1557 Venae
1483 1535 1491 1563 ;

230 1577 297 1611 sed
322 1577 403 1611 loco
429 1576 573 1609 illorum
600 1576 762 1620 aliquam
792 1577 991 1610 essentiam
1018 1577 1075 1610 cui
1101 1577 1177 1610 vita
1203 1577 1309 1619 inest,
1330 1578 1492 1622 ,proinde

230 1632 344 1675 illam,
358 1643 440 1676 quae
454 1632 501 1665 ab
516 1632 596 1676 ipso
613 1632 730 1665 Fonte
745 1632 841 1665 Vitae
856 1631 993 1673 defluit,
1005 1632 1037 1666 δε
1051 1632 1108 1666 cui
1126 1632 1282 1676 Spiritus
1297 1633 1491 1677 Animalis,

231 1687 264 1722 &
287 1688 437 1722 demum
464 1686 623 1730 Sanguis
649 1686 758 1720 ruber
782 1686 819 1720 in
848 1687 1010 1730 Corpore
1037 1687 1336 1731 correspondent,
1356 1687 1492 1732 quique

229 1742 278 1776 ab
295 1742 338 1776 ea
356 1742 467 1776 etiarn
485 1753 590 1775 suani
608 1742 722 1775 vitam
741 1741 938 1775 sortiuntur
954 1754 962 1782 ;
989 1742 1069 1775 haec
1086 1742 1173 1776 Vita
1191 1749 1257 1784 est,
1273 1753 1354 1787 quae
1372 1743 1492 1787 ipsam

233 1798 401 1832 Mentem
430 1803 606 1839 nostram,
636 1807 700 1830 seu
730 1796 911 1840 principia
942 1797 1126 1840 organica,
1157 1804 1282 1831 actuat
1313 1798 1345 1831 δι
1375 1798 1492 1841 regit3

231 1863 345 1897 quare
367 1852 509 1896 dicitur,
527 1852 629 1896 quod
649 1852 852 1896 Sapz‘enlz'ae
877 1852 925 1886 ὅθ
949 1852 1211 1896 Intellzgentiae
1236 1853 1275 1886 in
1301 1853 1427 1887 Fz'brz's
1451 1865 1495 1887 ac

241 1908 346 1942 Venis
370 1919 523 1941 suorum
552 1907 770 1951 Corporum,
797 1917 870 1939 non
896 1906 1140 1950 Sanguinem,
1159 1907 1225 1940 sed
1246 1907 1437 1948 Amorem,
1455 1909 1499 1942 id

231 1966 294 2005 est,
312 1963 392 2007 ejus
408 1963 528 1996 vitam
551 1962 595 1995 ab
620 1962 679 1995 Eo
704 1962 789 2006 Ipso
814 1961 979 2005 infusam
1005 1972 1048 1994 ac
1071 1962 1339 2008 continuatam,
1347 1964 1491 2006 serant.

234 2018 328 2052 Haec
353 2018 496 2062 plenius
522 2017 554 2051 δε
581 2017 713 2051 clarius
739 2017 787 2050 ab
812 2016 901 2061 ipsis
929 2017 1189 2051 Phaenomenis
1217 2017 1249 2051 δε
1276 2018 1493 2060 Effectibus,

233 2084 345 2118 quam
363 2084 428 2117 per
445 2073 643 2106 obscuram
662 2072 694 2106 &
713 2072 917 2116 spatiosam
931 2071 1029 2105 viam
1043 2072 1305 2106 Anatomicam
1323 2073 1355 2107 &
1372 2074 1493 2107 Philo—

233 2128 437 2172 sophicam,
463 2127 751 2167 confirmantur3
789 2126 935 2160 tametsi
961 2127 1140 2161 beneficio
1166 2128 1320 2161 istarum
1348 2129 1493 2162 Doctri-

232 2193 374 2226 narum,
386 2193 541 2226 quarum
559 2193 670 2226 supra
684 2182 821 2215 mentio
836 2181 933 2215 facta
946 2188 1013 2225 est,
1026 2182 1157 2217 eadem
1172 2195 1321 2228 prorsus
1340 2183 1492 2217 demon-

234 2237 340 2271 strari
359 2243 508 2282 queant,
527 2237 592 2271 sed
610 2248 684 2272 non
704 2236 991 2281 intelligibiliter,
1006 2237 1077 2272 nisi
1094 2238 1306 2273 Anatomiae
1321 2238 1353 2272 ἃ
1373 2238 1492 2272 Philo·

235 2292 375 2336 sophiae
393 2292 529 2337 peritis.
