1783 2760
479 158 557 192 DE
593 158 738 193 ORTU
765 157 1147 192 PRJMOGENJTJ.
1395 165 1436 198 41

184 261 277 295 tate
291 255 564 303 documenta,
575 255 878 296 concinnabat.
899 253 1234 306 Unumquodvis
1249 252 1439 305 quadam

186 327 353 361 naturae
381 322 495 369 dote,
526 328 572 361 ut
598 322 758 369 strena,
788 321 892 360 dum
921 320 1175 368 communis,
1209 320 1340 358 etiam
1374 318 1439 358 sui

186 389 323 438 Veris,
346 389 480 429 festos
503 390 595 429 dies
618 389 963 430 concelebrabat.

245 468 310 508 30.
346 458 475 498 Orbis
493 458 585 510 jam
609 472 780 497 summa
801 457 1014 506 habebat;
1048 470 1126 496 nec
1148 457 1297 496 deerat
1313 455 1438 495 alicui

186 525 354 575 Sensui,
377 540 433 566 ex
456 540 542 579 quo
565 540 651 566 non
675 527 708 565 is
736 526 932 566 exaltare
962 532 1108 578 posset
1137 538 1259 564 suam
1290 525 1438 572 vitam,

186 594 414 647 ipsamque
438 595 629 634 animam
652 595 824 647 gaudiis
846 594 1021 647 replere.
1071 595 1152 633 Pro
1175 593 1327 640 Tactu,
1349 599 1442 633 erat

185 661 324 701 dulcis
347 662 481 714 ipsius
502 663 627 702 Veris
649 669 785 715 tepor,
805 662 966 715 uligine
983 662 1161 711 mixtus,
1179 662 1250 714 qui
1269 661 1437 714 allapsu

184 743 262 769 suo
278 730 507 782 unicuique
526 730 644 770 fibrae
664 731 969 770 eblandiretur.
1012 731 1094 770 Pro
1113 730 1302 779 Olfactu,
1317 737 1439 770 erant

185 797 433 851 fragrantiae
457 812 513 838 ex
538 799 778 850 unoquovis
802 799 965 838 frondis
987 812 1094 851 poro
1116 799 1327 847 halanteS,
1347 798 1439 851 qui-

184 863 265 907 bus
302 867 498 906 differtus
539 867 631 906 Aer
671 867 848 906 intimos
891 867 1151 907 Pulmonum
1192 867 1441 906 reticulares

183 941 345 985 textus,
369 936 406 976 &
428 936 651 984 vesiculas,
676 936 713 976 &
735 936 795 976 sic
818 936 958 988 ipsum
990 936 1156 985 Pectus,
1179 936 1291 976 ultra
1313 949 1438 975 suum

185 1005 378 1053 modum,
418 1005 700 1057 expanderet.
764 1004 845 1043 Pro
889 1004 1040 1053 Gustu,
1085 1011 1207 1044 erant
1249 1005 1437 1056 exquisim

182 1074 338 1113 tissimi
378 1073 543 1125 saporis
585 1073 756 1122 fructuS,
792 1072 830 1112 &
872 1086 928 1112 ex
968 1074 1202 1125 pampinea
1242 1072 1344 1112 Vite
1383 1073 1438 1112 ad

183 1141 365 1181 humum
389 1141 628 1181 defluentes
647 1141 815 1190 racemi,
831 1155 1013 1193 quorum
1033 1155 1126 1180 uvae
1144 1155 1216 1181 ore
1233 1147 1439 1181 assumtae

184 1224 241 1250 ex
264 1210 386 1262 quasi
409 1210 515 1249 vivis
534 1210 590 1249 ab
605 1210 759 1249 intimo
777 1209 986 1257 essentiis,
1001 1210 1172 1262 penitus
1190 1210 1305 1262 ipsas
1323 1209 1438 1261 chyli

183 1279 494 1331 sanguinisque
528 1278 734 1327 officina&
763 1278 800 1318 ἃ
835 1292 981 1318 earum
1009 1280 1198 1331 genium,
1229 1280 1439 1318 exstimu-

184 1347 333 1387 larent.
378 1348 458 1386 Pro
480 1347 662 1395 Auditu,
678 1353 914 1387 concentus
937 1347 1007 1386 ille
1031 1347 1068 1387 &
1092 1347 1281 1387 amabile
1303 1347 1439 1386 melos

184 1422 251 1456 tot
285 1416 479 1456 oscinum
515 1416 758 1468 aviumque,
794 1429 881 1468 quo
918 1417 1061 1469 campi
1094 1423 1185 1456 tam
1215 1416 1440 1456 modulate

183 1485 491 1538 personabant,
516 1491 563 1524 ut
588 1484 761 1524 Cerebri
786 1485 1010 1524 interiores
1031 1499 1224 1525 recessus
1254 1499 1305 1525 eo
1335 1485 1439 1525 deli-

184 1553 277 1593 buti
314 1559 494 1606 possent
530 1553 877 1593 contremiscere.
951 1554 1033 1592 Pro
1065 1553 1184 1601 Visu,
1219 1559 1338 1593 totus
1374 1567 1440 1593 as-

184 1627 335 1673 pectus
366 1620 471 1661 Caeli
504 1620 788 1673 Tellurisque,
812 1634 995 1673 quorum
1027 1622 1223 1661 maxima
1252 1618 1439 1674 Objecta

184 1703 210 1729 a
231 1690 318 1729 suis
342 1690 531 1728 minimis
553 1689 612 1728 ita
635 1689 838 1728 distincte
863 1696 1017 1729 ornata
1041 1696 1175 1738 erant,
1199 1696 1246 1729 ut
1268 1690 1438 1730 animos

184 1759 227 1799 in
262 1772 413 1798 omnes
449 1772 549 1798 suas
581 1758 831 1810 voluptates
866 1758 991 1798 facile
1023 1759 1281 1799 relaxarent.
1350 1759 1438 1800 Sed

184 1825 334 1865 deerat
364 1824 516 1873 adhuc,
547 1825 619 1876 qui
648 1825 740 1864 haec
776 1825 993 1865 Sensuum
1028 1824 1350 1865 oblectamenta
1383 1827 1439 1866 ad

184 1893 406 1945 quandam
430 1894 649 1946 propriam
675 1894 885 1942 Mentem,
907 1908 980 1933 seu
1004 1894 1058 1934 ad
1085 1895 1149 1933 sui
1179 1894 1311 1947 ipsius
1339 1908 1439 1934 con-

183 1961 410 2001 scientiam
440 1960 477 2001 &
505 1963 841 2014 perceptionem,
864 1962 1064 2013 referret,
1096 1964 1256 2015 quique
1282 1977 1338 2003 ex
1369 1964 1440 2003 In-

185 2029 384 2069 tellectus
407 2029 520 2078 dote,
546 2029 600 2068 ab
623 2029 825 2069 omnibus
852 2029 918 2069 his
944 2031 1199 2070 Harmoniis
1222 2031 1440 2071 Formosi-

184 2103 320 2137 tatem
333 2097 663 2150 judicaret,tum
680 2112 736 2138 ex
752 2098 1095 2139 formositatibus
1108 2100 1437 2151 Jucunditatem

184 2166 439 2218 perciperet,
480 2180 535 2205 ex
573 2166 920 2219 jucunditatibus
960 2181 985 2207 a
1025 2169 1103 2207 sua
1138 2170 1240 2208 vera
1276 2168 1440 2220 origine

185 2234 418 2274 fluentibus
442 2235 692 2275 Bonitatem
715 2235 1004 2285 concluderet,
1024 2236 1061 2276 ἃ
1080 2251 1136 2276 ex
1158 2236 1237 2277 hac
1261 2237 1438 2277 demum

187 2302 476 2342 Faustitatem
517 2309 689 2356 caperet
710 2320 717 2344 :
768 2304 926 2354 deerat,
969 2305 1160 2358 inquam,
1203 2305 1274 2346 ille
1314 2312 1438 2346 terrae
