1783 2760
435 131 514 165 DE
546 129 820 164 INFANTJA
857 128 1242 163 PRJMOGENJTJ.
1425 135 1463 169 71

212 229 382 281 agendi,
397 242 446 268 ac
462 233 701 275 venustate,
719 225 991 266 crescebant:
1022 231 1122 265 sunt
1139 226 1253 265 enim
1276 226 1379 278 ipsis
1398 225 1468 264 In-

212 297 477 350 telligentiis,
493 310 567 336 seu
592 295 851 343 Intellectui‚
870 307 959 333 suae
983 293 1190 340 infantiae,
1208 293 1246 333 ὃς
1269 293 1467 345 sapiendi

212 365 545 417 progressiones.
610 363 702 403 Illae
725 377 750 403 a
775 363 915 416 primo
937 362 1134 409 stamine,
1157 362 1268 401 sicut
1288 362 1420 401 etiam
1444 375 1469 401 a

213 433 336 483 lacte,
352 447 408 473 ex
425 432 545 473 vitali
567 431 650 472 hoc
671 431 834 478 ardore,
852 431 1040 470 Matrem
1063 443 1186 469 suam
1210 430 1269 469 ita
1292 430 1466 469 deama-

213 502 331 549 bant,
354 507 401 542 ut
422 515 467 541 se
489 501 544 541 ab
573 500 666 552 ejus
695 500 916 552 amplexu,
939 499 1019 538 nisi
1051 512 1148 538 cum
1181 499 1372 551 quadam
1406 499 1468 537 in-

213 569 353 609 fantili
383 569 665 622 displicentia,
688 582 802 620 aegre
831 567 974 608 divelli
1004 573 1266 620 paterentur,
1290 581 1340 606 ac
1370 567 1470 606 licet

214 639 406 687 dimotae,
438 652 575 690 usque
611 637 836 677 haerebant
873 637 915 676 in
947 636 1039 688 ejus
1070 636 1242 683 intuitu,
1275 642 1321 674 ut
1350 636 1468 687 quod

214 707 442 759 nequirent
475 706 598 753 ulnis,
621 706 713 746 visu
746 710 1138 757 consequerentur:
1189 704 1332 744 Amor
1353 704 1468 743 enim

214 781 280 815 est
301 775 474 815 affectio
497 775 678 822 unionis,
704 773 741 813 ἃ
763 774 940 826 quidem
963 773 1179 825 purissimi
1204 779 1268 812 est
1290 772 1400 821 talis,
1424 779 1471 812 ut

214 844 325 884 alter
346 857 391 883 se
414 857 586 896 prorsus
606 843 752 883 videat
775 843 817 881 in
835 842 983 890 altero,
1003 843 1156 881 natura
1174 842 1366 893 quidem,
1383 855 1469 881 non

214 919 363 953 autem
403 918 561 961 mente,
595 918 854 964 separatum.
931 910 990 950 Hi
1032 910 1250 949 infantiles
1286 911 1414 963 genii,
1447 924 1473 950 a

215 981 453 1034 lactisugiis
475 981 654 1028 desueti,
678 994 735 1020 ex
758 979 916 1019 amoris
939 979 1061 1019 istius
1082 979 1316 1027 lenociniis,
1339 980 1473 1018 tantis

214 1050 387 1102 gaudiis
418 1049 576 1089 differti
609 1049 731 1101 quasi
764 1047 1030 1095 diffluebant,
1059 1053 1105 1086 ut
1135 1046 1216 1086 illis
1249 1047 1354 1087 nihil
1385 1061 1472 1087 non

216 1118 416 1158 exultare
448 1117 486 1157 δι
518 1117 666 1157 ludere
696 1117 922 1163 videretur,
945 1116 1198 1168 cumprimis
1226 1116 1327 1155 visis
1360 1116 1474 1155 Har-

217 1188 385 1236 moniis,
407 1201 505 1240 quae
536 1187 578 1226 in
610 1186 969 1234 Pulchritudines‚
993 1185 1030 1225 ἃ
1059 1187 1238 1226 demum
1271 1186 1311 1225 in
1346 1185 1475 1225 Boni-

215 1262 342 1304 tates,
373 1255 617 1295 reformatae
649 1261 797 1304 erant;
840 1254 1067 1294 felicitates
1100 1268 1156 1293 ex
1187 1254 1273 1293 suis
1305 1255 1474 1306 gaudiis

216 1323 475 1364 resultantes
515 1324 648 1363 etiam
689 1323 731 1362 in
773 1336 817 1362 se
854 1322 1113 1371 sentiebant,
1150 1329 1195 1362 at
1233 1324 1475 1363 nescientes

215 1392 369 1442 adhuc,
391 1392 508 1445 quod
532 1391 758 1431 felicitates
781 1398 935 1440 essent,
959 1391 1033 1430 sed
1058 1391 1190 1430 modo
1218 1392 1336 1443 quod
1367 1405 1475 1443 pura

215 1461 377 1514 gaudia
394 1475 402 1511 ;
433 1460 716 1513 postmodum
736 1466 882 1500 autem
902 1459 1259 1512 intelligentiores
1278 1459 1415 1507 factae,
1436 1459 1473 1500 &

216 1529 468 1569 existimare
491 1528 529 1568 ἃ
553 1529 773 1581 percipere
799 1534 1037 1581 coeperunt,
1060 1528 1176 1580 quod
1203 1529 1364 1580 gaudia
1393 1529 1475 1568 ista

217 1598 256 1638 ἃ
280 1597 508 1638 felicitates
530 1611 587 1637 ex
604 1596 782 1646 Amore,
799 1603 845 1637 ut
863 1611 920 1636 ex
938 1610 1015 1636 suo
1034 1603 1169 1645 sonte,
1188 1596 1450 1649 profluerent
1468 1613 1475 1636 :

216 1667 305 1706 imo
322 1666 454 1706 etiam
469 1679 526 1705 ex
540 1665 702 1705 lumine
718 1679 795 1705 suo
810 1665 1142 1718 perspiciebant,
1159 1666 1275 1717 quod
1290 1665 1475 1714 Veritas,

217 1735 409 1783 Bonitas,
433 1734 470 1774 ἃ
503 1734 716 1783 Felicitas,
745 1734 800 1773 ab
833 1734 999 1773 Amore
1031 1733 1086 1773 ad
1118 1733 1345 1780 Amorem,
1377 1739 1475 1773 tan-

216 1817 350 1856 quam
373 1817 450 1856 per
468 1816 637 1855 gyrum,
653 1816 697 1842 se
719 1803 927 1842 continuo
950 1802 1181 1851 referrent;
1214 1816 1347 1854 quare
1369 1803 1475 1842 nihil

216 1873 347 1925 prius,
362 1885 493 1924 quam
511 1871 689 1911 Amoris
712 1871 823 1910 illius
847 1870 1127 1923 complexum
1152 1871 1365 1910 ardebant
1384 1885 1392 1911 :
1414 1871 1475 1910 it'a

216 1942 371 1981 intueri
393 1946 618 1993 coeperunt
640 1939 852 1979 Amorem
876 1945 923 1979 ut
945 1939 1088 1987 finem,
1115 1939 1152 1980 &
1175 1940 1338 1992 reliqua
1362 1941 1472 1979 sicut

218 2009 362 2049 media
383 2009 439 2049 ad
462 2008 582 2048 illum
611 2008 826 2056 ducentia,
850 2021 948 2060 quae
976 2009 1108 2048 etiam
1139 2015 1316 2061 propter
1343 2008 1473 2048 finem

217 2083 443 2128 amarent;
484 2091 586 2117 nam
623 2077 666 2116 in
703 2076 858 2116 mediis
896 2076 1026 2115 finem
1059 2077 1184 2129 quasi
1214 2084 1474 2129 praesentem

217 2146 514 2198 inspexerunt.
603 2145 685 2184 His
738 2145 1022 2197 apperceptis,
1073 2145 1268 2198 piissima
1320 2146 1476 2193 Mater,

217 2214 420 2254 omnibus
442 2213 604 2254 laetitiis
627 2213 749 2265 quasi
776 2213 990 2261 exultans,
1014 2213 1200 2253 infantes
1223 2227 1334 2262 suos,
1357 2214 1473 2265 quod

219 2282 326 2322 fines
349 2296 404 2322 ex
427 2281 642 2322 desiderio
665 2281 838 2330 vellent,
861 2280 898 2320 ἃ
928 2281 1208 2330 intuerentur,
1230 2295 1404 2334 prorsus
1428 2288 1475 2321 ut
