1783 2760
448 148 526 183 DE
558 147 758 183 AMORE
791 146 1174 183 PRJMOGENJTJ.
1376 146 1440 190 169

176 244 226 287 in
261 253 384 288 actus
420 247 457 287 δι
495 259 594 286 usus
629 245 945 298 perducantur:
989 245 1032 285 hi
1067 245 1190 298 quasi
1227 244 1381 284 Mundi
1415 258 1440 284 a

187 315 409 355 Mentibus
431 313 679 361 constructi,
703 312 899 353 similiter
921 320 1175 365 percurrunt
1204 327 1281 352 sua
1308 313 1441 352 Tem—

184 397 301 435 pora,
324 382 447 435 quasi
469 382 634 421 Annua
660 381 697 421 &
727 381 905 430 Diurna,
930 381 1003 421 illa
1030 388 1189 421 vocant
1216 381 1329 420 Fata
1356 394 1443 420 sace

195 450 312 500 Vz'toe,
341 463 442 490 nam
472 449 733 489 aemulantur
759 449 909 497 Veres,
935 449 1143 497 AEstates,
1172 449 1440 496 Autumnos,

183 530 233 558 ac
255 519 458 558 desinunt
481 518 523 557 in
550 518 798 569 Hyemem:
829 516 922 557 haec
950 530 1063 565 vero,
1085 530 1185 556 suas
1211 517 1437 564 Fortunas,

183 600 281 639 quae
303 585 500 626 similiter
524 586 739 638 aspiciunt
768 599 868 625 suas
896 598 1083 634 auroras,
1108 585 1320 633 meridies,
1342 598 1439 625 ves-

181 666 307 706 peras
330 653 367 693 &
391 659 554 701 noctes,
568 652 874 705 alternantque
890 653 1025 692 vices:
1058 653 1173 705 ipsas
1190 666 1292 692 vero
1309 652 1439 691 Tem-

181 727 385 775 pestates,
427 720 465 760 &
516 720 719 760 discussis
760 721 948 760 nubibus
990 721 1222 760 emicantia
1265 720 1439 768 Serena,

183 789 407 844 appellant
434 789 958 841 Fortmzoefluctuationes,
981 788 1019 829 &
1041 789 1254 829 Fortuz'tis
1281 788 1442 829 adscri-

182 859 300 898 bunt.
364 858 574 910 Ignorant
608 871 793 910 prorsus,
825 857 943 910 quod
976 857 1311 897 Vicissitudines
1345 858 1439 897 istae

182 927 243 967 ita
273 926 505 979 temperari
538 926 718 977 possint,
751 932 798 965 ut
829 926 1085 965 continuum
1116 925 1216 974 Ver,
1237 931 1313 965 aut
1344 939 1439 978 per-

182 1000 363 1047 petuum
392 994 535 1033 aetatis
567 993 728 1038 florem,
758 993 982 1033 Mentibus
1013 993 1218 1033 inducere
1249 1000 1438 1046 queant;

183 1076 283 1103 narn
307 1062 422 1102 unde
443 1061 619 1101 trahant
641 1075 718 1101 sua
738 1061 839 1110 fata,
854 1076 904 1101 ac
925 1075 1025 1101 suas
1045 1062 1251 1111 fortunas,
1274 1062 1323 1101 iis
1345 1068 1437 1102 tam

183 1131 378 1184 implexa
400 1135 624 1183 apparent,
646 1130 755 1169 sicut
777 1129 992 1182 glomeres
1021 1129 1342 1179 lumbricorum,
1363 1131 1437 1183 qui

183 1199 423 1239 coacervati
453 1198 597 1250 capita
629 1212 706 1238 sua
736 1198 803 1238 vel
835 1198 969 1238 humo
1001 1198 1229 1247 infodiunt,
1256 1198 1324 1239 vel
1357 1199 1438 1252 ipsi

183 1280 336 1307 acervo
368 1266 619 1319 implicant;
651 1280 825 1319 prorsus
852 1266 1001 1318 ignari,
1023 1267 1139 1319 quod
1171 1267 1436 1308 Universum

183 1348 240 1375 ex
268 1334 444 1374 infinitis
472 1334 679 1374 universis
708 1340 926 1384 constans,
955 1348 1194 1387 omnesque
1223 1334 1283 1374 illi
1313 1335 1438 1375 Men-

181 1404 290 1443 tium
313 1402 513 1443 Munduli
537 1417 586 1442 ac
604 1403 850 1451 Orbes,sub
867 1405 1059 1456 auspicio
1076 1405 1202 1443 unius
1220 1404 1436 1453 Numinis,

182 1485 257 1511 seu
282 1471 481 1524 Supremi
505 1471 651 1520 nostri,
676 1471 871 1524 Ejusque
892 1470 1081 1520 Amoris,
1106 1477 1201 1521 stet,
1226 1472 1263 1512 &
1290 1486 1315 1512 a
1338 1472 1438 1512 Pro-

180 1539 373 1579 videntia
426 1539 532 1591 Ejus
574 1545 824 1580 constanter
863 1540 1139 1592 gubernetur.
1221 1540 1437 1593 Regimen

181 1607 358 1659 quidem
384 1607 584 1648 Universi
607 1607 734 1648 alicui
754 1608 968 1661 Supremo
984 1609 1175 1657 tradunt,
1190 1609 1266 1649 sed
1289 1616 1437 1649 curam

180 1675 461 1728 singularium
477 1677 673 1716 nesciunt
688 1677 860 1716 cuidam
877 1677 1057 1716 Numini
1076 1677 1321 1729 subjiciant,
1335 1677 1435 1717 ideo

180 1743 299 1783 illam
336 1744 494 1796 partim
529 1757 617 1783 suae
653 1745 950 1797 providentiae,
989 1758 1120 1797 quam
1157 1746 1436 1798 prudentiam

179 1817 348 1859 vocant,
363 1812 522 1864 partim
541 1811 735 1862 fortunae,
751 1812 1028 1864 adjudicant;
1051 1814 1304 1862 nescientes,
1319 1813 1436 1866 quod

181 1879 341 1919 Divina
378 1879 655 1920 Providentia
693 1881 961 1921 Universalis
996 1895 1089 1921 esse
1122 1889 1322 1934 nequeat,
1355 1883 1436 1922 nisi

180 1947 235 1986 sit
257 1948 299 1987 in
322 1947 686 2000 singularissimis,
709 1948 746 1988 &
770 1949 887 2001 quod
911 1962 967 1989 ex
989 1949 1055 1989 his
1082 1950 1222 1990 solum
1252 1950 1438 1991 Univer-

180 2015 281 2055 salis
304 2016 480 2066 audiat;
512 2029 586 2056 seu
610 2017 727 2068 quod
759 2017 1018 2058 Universale
1047 2032 1171 2058 suam
1202 2019 1436 2059 essentiam

181 2082 219 2123 ἃ
241 2083 539 2124 actualitatem
557 2098 582 2124 a
600 2085 900 2136 singularibus,
917 2099 942 2125 a
959 2087 1115 2138 quibus
1134 2087 1296 2136 existit,
1311 2088 1436 2127 unice

179 2150 344 2200 trahat3
366 2165 498 2203 quare
512 2165 609 2191 cum
626 2152 842 2193 affirmant
854 2167 998 2204 unum,
1010 2153 1047 2194 ἃ
1062 2161 1224 2207 negant
1239 2154 1435 2203 alterum,

181 2224 411 2271 utrumque
432 2219 660 2260 destruunt
679 2236 686 2260 :
719 2226 852 2273 utque
874 2222 933 2261 sic
956 2221 1195 2271 destruant,
1220 2222 1324 2263 nulli
1347 2236 1436 2262 non

181 2299 328 2326 eorum
364 2285 552 2328 Amores
584 2288 779 2338 suadent,
811 2290 912 2341 quia
943 2290 1147 2344 Princeps
1178 2291 1358 2331 istorum
1391 2291 1433 2331 id
