1835 2672
329 151 372 184 24
580 143 765 178 CAPUT
791 144 1030 189 PRIMUM,
1066 144 1261 180 SECTJO
1293 145 1346 179 II.

325 241 656 283 succrescebat:
707 242 832 283 aliter
866 243 1011 284 adhuc
1047 249 1218 284 caeterae
1255 242 1594 292 efflorescentiae,

326 322 429 349 nam
452 310 592 350 ubivis
616 311 654 351 &
677 325 852 365 semper
880 318 1088 352 constans
1117 318 1210 352 erat
1236 312 1436 352 varietas.
1493 311 1594 352 Tali

326 385 483 418 ornatu
507 379 659 420 Tellus
688 387 838 421 nostra
868 381 1111 422 Theatrum
1140 382 1207 422 sui
1238 380 1370 422 Orbis
1398 381 1594 434 ingressa

325 452 403 487 est.

383 526 449 557 20.
474 516 756 558 Florescente
770 518 925 568 adhuc,
937 518 974 559 ἃ
990 519 1032 559 in
1041 519 1132 559 Ver
1145 532 1271 559 suurn
1286 519 1595 572 progrediente

326 584 510 634 Tellure,
529 586 734 639 Virgulta
757 586 795 627 ἃ
818 587 988 628 arbutei
1012 587 1155 636 foetus,
1178 588 1247 628 hic
1269 588 1365 637 illic,
1386 602 1409 628 e
1431 588 1594 628 recenti

322 652 459 693 humo
475 654 765 707 pullulabant,
782 656 858 696 sed
880 656 1018 709 Sylva
1039 658 1230 710 primum
1253 656 1441 706 humilis,
1459 656 1592 696 etiam

322 721 501 763 floribus
525 737 599 764 seu
622 724 750 765 Veris
780 725 984 778 primitiis
1013 726 1239 767 adornata.
1303 725 1589 766 Postmodum

322 790 466 832 adhuc
500 792 630 833 latius
665 795 919 847 egrediente
955 794 1085 843 Orbe,
1117 795 1356 848 surgebant
1384 794 1592 842 Arbores,

321 873 419 912 quae
441 861 483 900 in
506 867 667 902 terram
692 862 810 902 illam
829 863 1079 911 candidam,
1097 863 1134 903 ἃ
1153 877 1177 903 a
1194 870 1260 904 tot
1279 863 1434 903 florum
1452 863 1592 903 bustis

321 936 551 978 accretam,
594 930 772 971 altiores
814 932 982 972 radices
1023 932 1230 984 agebant,
1273 932 1311 973 &
1352 946 1449 985 quae
1491 945 1593 972 suas

319 1011 504 1038 coronas
542 999 583 1038 in
617 998 736 1039 Aere
770 1000 1068 1054 explicabant.
1147 1000 1351 1041 Maxima
1387 1015 1499 1054 pars,
1535 1001 1590 1041 ad

319 1067 457 1107 instar
492 1069 641 1121 magni
679 1068 817 1117 Veris,
853 1070 986 1109 etiam
1021 1083 1099 1110 sua
1133 1075 1345 1122 tempora,
1379 1084 1454 1110 seu
1491 1084 1591 1110 suas

319 1142 474 1176 aetates
498 1137 540 1176 in
559 1151 704 1186 unam,
723 1138 1056 1187 contrahebant,
1073 1145 1288 1192 perpetuo
1306 1140 1421 1179 enirn
1438 1152 1592 1179 verna-

319 1204 439 1254 bant,
454 1205 492 1246 &
515 1206 643 1247 simul
660 1213 874 1260 perpetuo
891 1208 1207 1261 parturiebant,
1223 1221 1411 1261 suasque
1428 1209 1592 1262 primas

318 1274 429 1314 vires
453 1274 490 1314 ἃ
514 1277 747 1327 potentias,
770 1282 871 1329 post
900 1277 1156 1317 continuum
1186 1283 1394 1317 exactum
1417 1290 1589 1330 gyrum,

319 1342 362 1382 in
408 1343 571 1383 ultimis
608 1345 984 1394 concentrabant;
1031 1359 1107 1385 seu
1146 1346 1251 1385 dum
1291 1345 1419 1385 flores
1455 1346 1589 1386 etiam

319 1412 488 1451 semina
503 1412 801 1453 excludebant
813 1425 821 1461 3
845 1414 1003 1466 quibus
1014 1414 1153 1466 ipsam
1163 1427 1287 1453 suam
1300 1413 1591 1454 infundebant

319 1487 534 1531 naturam,
554 1488 630 1522 aut
652 1481 867 1522 Animam
881 1482 980 1536 (m):
1012 1482 1049 1522 ἃ
1072 1482 1201 1523 simul
1224 1483 1357 1523 etiarn
1382 1483 1589 1532 Parentis,

368 1597 432 1641 (m)
453 1598 577 1632 Prima
594 1598 661 1632 Vis
679 1598 837 1643 genitrix
855 1609 918 1633 seu
937 1598 1096 1643 plastica
1113 1598 1259 1644 penitus
1278 1599 1367 1644 ipsis
1386 1599 1590 1634 seminibus

317 1652 474 1687 foetuum
493 1654 755 1698 vegetabilium
773 1654 911 1698 innata,
927 1655 1074 1688 Animae
1092 1655 1335 1688 assimilanda
1348 1661 1426 1698 est3
1453 1655 1501 1689 ab
1519 1655 1589 1690 hac

317 1708 428 1751 enim,
448 1709 480 1743 ἅ
503 1710 551 1743 ad
576 1709 653 1753 ejus
680 1710 806 1753 instar,
825 1709 1031 1743 formantur
1057 1720 1183 1743 eorum
1213 1710 1379 1754 Corpora
1404 1721 1488 1744 cum
1514 1710 1589 1744 suis

317 1764 494 1798 membris
513 1764 545 1798 δι
564 1765 664 1808 toris,
684 1765 716 1799 ὃς
735 1765 997 1799 continuantur
1020 1765 1131 1808 vasis,
1150 1776 1214 1799 seu
1243 1765 1375 1800 caules
1402 1776 1486 1799 cum
1513 1765 1589 1800 suis

317 1820 441 1863 ramis,
475 1820 583 1854 foliis.
614 1820 842 1863 canaliculis,
874 1820 906 1854 δι
940 1820 1117 1864 pluribus,
1149 1831 1232 1865 quae
1261 1821 1448 1855 animatos
1476 1821 1588 1856 foetus

318 1876 560 1910 aemulantur:
589 1882 667 1910 tum
685 1876 785 1921 quod
802 1876 883 1910 haec
908 1876 1076 1910 similiter
1099 1887 1185 1910 suas
1209 1882 1338 1911 aetates
1362 1882 1589 1921 percurrant,

317 1931 355 1965 in
373 1932 441 1966 sua
459 1932 613 1966 infantia
632 1932 796 1974 floreant,
814 1937 892 1965 tum
910 1932 1140 1974 adolescant,
1159 1931 1245 1966 dein
1269 1932 1318 1966 ad
1342 1932 1483 1966 senium
1508 1942 1587 1965 ver-

316 1993 417 2031 gant,
432 1987 465 2021 &
483 1987 633 2021 demum
652 1987 877 2021 occumbant
893 2000 901 2029 3
929 1993 1062 2031 praeter
1080 1987 1274 2021 innumera
1287 1987 1370 2020 alia.
1403 1987 1477 2021 Sed
1495 1987 1587 2021 tales

316 2042 496 2086 geniturae
530 2049 614 2076 sunt
649 2042 778 2086 primae
813 2042 845 2076 δε
879 2042 1019 2076 ultimae
1052 2042 1149 2076 vires
1182 2053 1227 2076 ac
1260 2042 1438 2086 potentiae
1471 2041 1586 2086 ipsius

318 2095 485 2139 Naturae,
510 2106 554 2130 ex
581 2097 713 2141 copula
742 2096 821 2140 ejus
847 2096 1158 2130 activissimarum
1185 2096 1384 2129 formarum
1411 2095 1587 2130 aetherem

316 2151 630 2195 constituentium,
664 2162 749 2185 cum
789 2151 928 2185 viribus
970 2151 1112 2185 inertiae
1153 2151 1323 2194 Telluris,
1356 2150 1587 2185 mediatione

314 2206 503 2240 radiorum
533 2206 641 2250 Solis,
668 2207 846 2250 excitatae,
872 2217 917 2241 ex
944 2217 1018 2251 qua
1045 2206 1195 2249 origine,
1223 2205 1259 2239 in
1287 2205 1363 2240 suis
1393 2205 1522 2250 primis
1552 2206 1585 2241 &

315 2261 466 2306 ultimis,
485 2262 640 2307 proinde
658 2262 770 2297 etiam
789 2262 825 2295 in
844 2261 990 2304 mediis,
1010 2261 1210 2305 imaginem
1229 2261 1425 2306 primitivae
1449 2260 1482 2295 δι
1505 2272 1585 2306 per-

316 2316 530 2352 fectissimae
559 2323 702 2352 naturae
731 2317 904 2359 trahunt;
939 2323 1051 2362 atque
1076 2322 1163 2362 typo
1190 2315 1353 2362 quodam
1379 2316 1584 2361 superiores
