1783 2760
378 175 456 208 DE
491 175 751 219 CONJUGJO
782 175 1164 210 PRJMOGENJTJ.
1356 185 1398 219 29

146 269 261 310 enim
301 271 450 310 existit
491 269 779 323 praedicabile,
819 271 934 322 quod
973 285 1059 311 non
1098 271 1396 312 actualitatem

145 351 268 377 suam
305 339 494 378 desumit
525 339 581 378 ab
613 351 676 385 eO,
703 338 821 390 quod
855 339 1062 388 subsistit,
1083 340 1125 380 id
1160 346 1235 387 est,
1263 354 1288 380 a
1321 342 1398 380 sua

146 406 418 456 substantia,
450 419 505 446 ex
529 419 615 445 non
641 405 818 457 aliquid,
841 420 1056 459 nusquam
1088 407 1252 460 aliquid
1283 422 1398 448 ema-

145 481 245 522 nat;
283 475 389 527 ipsae
419 474 528 513 vires
561 473 598 513 ἃ
635 475 899 514 mutationes
934 475 1048 524 vitae,
1070 476 1171 527 quia
1207 489 1264 515 ex
1299 477 1397 516 sub-

144 544 305 582 stantia
343 542 494 591 fluunt,
533 541 769 582 efficientes
810 543 1030 583 evadunt:
1074 557 1208 596 quare
1247 545 1398 584 similis

146 610 278 660 Ordo,
301 611 373 663 qui
396 611 481 650 tuis
504 610 633 661 fibris,
656 616 702 651 ut
725 611 992 661 substantiis,
1015 611 1147 651 etiam
1169 612 1332 652 viribus
1360 612 1399 652 ἃ

143 679 296 718 virium
330 679 482 727 modis
506 679 646 720 inest:
678 680 780 720 inde
811 680 1016 732 sequitur,
1038 680 1156 732 quod
1189 680 1398 720 Perfectio

142 747 254 795 vitae,
282 761 329 787 se
359 747 401 786 in
440 747 709 788 Perfectione
745 748 961 801 Corporis,
983 755 1030 788 ut
1065 749 1107 788 in
1138 750 1217 788 sua
1247 748 1399 802 effigie,

142 816 428 867 spectandam
467 816 688 868 praebeat:
721 816 759 856 δι
792 817 895 869 quia
932 817 1144 857 Perfectio
1183 816 1398 870 Corporis,

141 884 392 936 cumprimis
426 884 658 933 VenustaS,
694 884 775 924 sub
810 898 985 924 sensum
1023 885 1150 934 cadit,
1187 885 1264 924 sed
1301 885 1398 925 Per-

142 951 271 992 sectio
291 952 403 1001 vitae,
427 951 643 992 humanas
665 953 790 1002 acies,
812 954 893 992 nisi
916 967 939 993 e
961 953 1134 993 sublimi
1166 959 1395 1005 spectetur,

141 1020 251 1060 sicut
274 1020 432 1060 nebula
454 1020 578 1073 fugit,
600 1021 699 1061 ideo
719 1021 943 1074 speculum
964 1021 1091 1074 hujus
1113 1022 1156 1061 in
1179 1021 1262 1071 illa,
1286 1022 1396 1062 desi-

140 1089 260 1128 derio
283 1095 359 1129 tuo
383 1089 555 1129 favendi
576 1090 727 1142 gratia,
750 1090 904 1130 offerre
924 1090 1052 1130 volui.

203 1168 289 1197 102.
325 1158 411 1198 Sed
447 1171 501 1197 ne
533 1171 610 1210 per
642 1158 851 1210 ambages
885 1158 1243 1198 circumferantur
1275 1158 1394 1208 ideae,

139 1225 343 1278 deinceps
380 1227 502 1278 quasi
539 1240 701 1278 sparsae
736 1225 1052 1279 recolligendae,
1074 1232 1149 1266 aut
1180 1227 1223 1266 in
1254 1240 1396 1267 rerum

139 1308 356 1334 summam
392 1294 661 1347 postliminio
695 1295 1037 1344 introducendae,
1062 1294 1193 1335 velim
1229 1295 1271 1334 in
1301 1296 1395 1348 ipso

139 1362 222 1402 hoc
255 1364 448 1415 ingressu
482 1362 748 1415 simpliciter,
773 1368 820 1403 ut
850 1363 966 1403 nude
994 1363 1232 1403 intellectui
1261 1377 1394 1416 appa-

141 1437 244 1480 reat,
287 1444 516 1484 exponere,
559 1432 663 1483 quid
716 1431 929 1471 Perfectio
973 1431 1075 1472 vitae
1119 1432 1185 1472 sit.
1249 1432 1395 1473 Unus-

141 1500 323 1552 quisque
345 1499 450 1539 dum
471 1513 594 1539 suam
616 1499 779 1549 Vitam,
799 1499 1011 1541 Ordinem
1033 1513 1122 1540 suae
1142 1500 1245 1540 vitae
1264 1500 1394 1550 vivit;

140 1581 242 1608 nam
274 1568 460 1620 ipsamet
484 1568 599 1617 Vita,
622 1581 709 1608 non
741 1574 806 1608 est
836 1568 915 1607 nisi
949 1568 1080 1617 Ordo,
1104 1569 1177 1620 qui
1208 1569 1393 1624 vivitur;

139 1649 288 1676 verum
312 1637 423 1676 inter
444 1635 648 1685 infinitos,
674 1650 783 1689 quos
805 1637 954 1677 vivunt
976 1637 1196 1686 Mortales,
1219 1651 1306 1677 non
1328 1643 1394 1677 est

139 1705 220 1744 nisi
244 1704 424 1753 Unicus,
442 1705 514 1756 qui
538 1705 657 1746 ducit
673 1705 729 1744 ad
747 1705 897 1745 Vitam
916 1719 924 1755 ;
948 1706 1092 1744 caeteri
1114 1705 1156 1744 in
1175 1705 1391 1745 diversum

139 1774 311 1822 abeunt,
332 1772 370 1813 δε
392 1774 446 1813 ad
470 1774 731 1813 contrarium
754 1774 854 1813 vitae
871 1787 917 1813 se
938 1773 1164 1813 inflectunt
1182 1788 1191 1823 3
1225 1773 1394 1814 Unicus

138 1842 211 1882 ille
252 1847 327 1891 est,
365 1855 495 1893 quem
534 1840 903 1893 Sapientissimus,
941 1840 1028 1893 Qui
1067 1840 1195 1882 Solus
1237 1841 1317 1882 Est
1355 1842 1393 1882 δε

139 1910 272 1959 Vivit,
305 1923 330 1950 a
367 1909 533 1962 Seipso,
557 1909 697 1961 qualis
728 1915 794 1949 est
821 1909 863 1948 in
898 1908 1061 1962 Seipso,
1085 1910 1329 1962 praestituit,
1353 1910 1392 1951 ἃ

137 1979 349 2018 instituit:
389 1977 467 2017 Ille
502 1982 594 2017 tam
628 1977 935 2027 universaliter,
969 1991 1102 2030 quam
1139 1977 1391 2031 singularis-

139 2048 259 2096 sime,
284 2047 423 2086 intuo
449 2045 486 2085 ἃ
515 2059 613 2085 meo
642 2051 795 2098 regnat
825 2046 926 2086 vitae
959 2045 1179 2095 mundulo,
1204 2046 1315 2086 adeo
1345 2053 1392 2087 ut

142 2128 196 2155 ne
218 2115 396 2155 minima
416 2114 593 2166 quidem
615 2119 692 2154 tuo
716 2113 897 2167 Corpori
920 2114 1134 2167 particula
1166 2114 1391 2162 inhaereat,

142 2183 208 2223 cui
232 2196 318 2222 non
342 2182 462 2223 Ordo
485 2182 566 2231 ille,
590 2196 615 2222 a
637 2195 715 2222 suo
735 2183 875 2235 primo
897 2183 952 2222 ad
976 2183 1189 2230 ultimum,
1213 2182 1391 2235 inscrip-

141 2256 211 2290 tus
252 2250 433 2301 sedeat;
479 2250 589 2290 sicut
637 2263 775 2302 nuper
820 2250 966 2290 vidisti
1011 2251 1054 2290 in
1094 2249 1258 2298 fibrula,
1299 2250 1391 2302 ejus

142 2318 340 2371 principii
380 2318 582 2371 capitulo,
617 2317 747 2371 inque
781 2317 974 2371 lymphae
1013 2317 1258 2367 individuis,
1292 2331 1389 2370 quae
