1783 2760
452 172 529 208 DE
560 172 758 208 AMORE
789 172 1171 208 PRIMOGENITJ.
1378 182 1441 219 175

188 270 262 324 qui
284 270 436 321 Amor,
457 284 556 311 cum
579 269 744 322 flagrat,
764 269 870 309 nihil
891 269 1193 311 vehementius
1216 270 1346 324 cupit,
1369 277 1445 311 aut

188 339 396 380 intentius
425 339 559 387 ardet,
590 351 721 390 quam
751 337 883 378 talem
911 351 1001 378 suae
1028 344 1196 378 naturae
1229 339 1443 391 copulam,

187 407 390 447 nimirum
412 413 459 447 ut
476 408 531 447 sit
548 406 735 455 alterius,
751 419 837 446 non
855 406 931 454 sui,
948 406 1079 458 idque
1097 406 1236 446 solum
1255 413 1301 447 ut
1318 421 1444 447 suum

187 475 456 521 existimans,
485 474 603 527 quod
632 487 689 514 ex
717 473 855 514 altero
885 474 927 513 in
956 487 1002 513 se
1030 473 1273 514 reflectitur.
1335 474 1444 515 Tale

187 543 334 592 unu'm,
356 542 394 582 &
416 542 544 582 simul
566 547 779 591 mutuum,
800 542 890 582 bini
911 541 1129 582 Amantes
1152 556 1230 595 per
1257 543 1444 583 arctissi-

186 625 281 652 mos
316 624 416 651 suos
450 609 718 663 complexus,
749 609 788 651 Sc
821 623 898 663 per
929 610 1176 650 limationes
1209 610 1247 650 &
1279 611 1442 660 suavia,

186 680 437 728 tentamine,
468 679 591 732 quasi
623 678 881 732 propalant;
914 692 990 732 per
1020 691 1294 731 compressus
1325 680 1440 719 enim

185 748 246 788 ita
272 754 424 788 mutuo
453 747 659 800 conjungi
689 747 843 788 ardent
871 746 909 787 ἃ
943 753 1167 796 conantur,
1188 753 1235 787 ut
1268 748 1441 800 penitus

183 815 416 868 conjuncti,
437 829 580 864 unam,
603 816 778 856 tametsi
800 816 843 856 in
865 816 990 856 binas
1019 815 1284 865 distinctam,
1304 816 1440 857 vitam

185 890 328 937 agant.
386 884 458 924 Ex
479 883 546 924 his
562 883 654 936 jam
675 883 858 924 educere
878 889 1015 936 potes,
1038 884 1282 936 adjiciebat,
1306 898 1439 937 quam

184 952 314 1005 plena
347 952 515 993 Amore
547 958 696 992 nostro
726 951 896 993 fruendi
926 952 1052 1004 copia
1083 952 1208 992 nobis
1240 952 1343 993 data
1372 954 1437 994 sit.

186 1021 298 1062 Cum
322 1021 414 1073 jam
442 1020 541 1061 talis
570 1021 625 1061 sit
653 1020 822 1060 Virium
852 1019 1126 1061 influentium
1155 1035 1253 1061 cum
1281 1022 1439 1062 nostris

183 1089 389 1142 potentiis
412 1102 551 1129 nexus
574 1088 611 1129 &
631 1088 893 1141 conjunctio,
912 1089 1056 1129 denuo
1073 1090 1189 1142 prior
1210 1090 1438 1131 confirma-

183 1163 254 1197 tur
286 1157 489 1207 clausula,
524 1156 642 1209 quod
678 1156 857 1197 Amoris
899 1158 1033 1197 nostri
1074 1158 1163 1198 vita
1203 1159 1270 1208 sit,
1304 1172 1437 1212 quam

183 1225 390 1276 vivimus3
422 1225 459 1265 ἃ
481 1225 598 1277 quod
621 1224 719 1265 talis
740 1225 830 1265 vita
850 1225 918 1274 sit,
939 1226 1080 1278 qualis
1100 1225 1253 1267 Amor.

241 1295 305 1334 81.
339 1293 427 1335 Sed
450 1294 770 1346 Primogenitus
787 1293 928 1334 adhuc
947 1294 1070 1347 quasi
1086 1296 1242 1335 timore
1258 1294 1436 1336 horrens

182 1362 388 1403 continuo
409 1362 464 1402 ad
489 1362 657 1403 Caelum
678 1361 851 1402 levabat
877 1362 1059 1413 vultum,
1083 1369 1130 1404 ut
1157 1371 1383 1417 aspectum
1411 1379 1437 1405 a

181 1436 289 1479 toro,
307 1431 380 1470 ubi
403 1430 538 1470 hostis
560 1430 631 1470 ille
652 1430 810 1470 cubare
826 1431 1063 1480 dicebatur,
1078 1438 1315 1483 averteret;
1348 1447 1436 1486 quo

180 1499 493 1547 animadverso,
526 1498 763 1550 Sapientia,
793 1512 892 1539 eum
924 1500 1106 1549 intuens,
1136 1514 1221 1550 cur,
1250 1501 1434 1550 dicebat,

180 1572 373 1606 mentem
393 1572 514 1606 tuam
537 1566 756 1615 sollicitas,
774 1566 811 1607 &
829 1567 966 1607 aciem
984 1581 1009 1607 a
1028 1568 1234 1608 Paradiso
1256 1569 1434 1620 averti&

179 1648 293 1687 pone
315 1641 492 1684 metum,
513 1634 619 1674 nihil
642 1648 783 1675 causae
806 1642 882 1684 est,
906 1641 952 1675 ut
975 1636 1009 1676 is
1031 1641 1074 1676 te
1102 1642 1365 1689 perterreat3
1397 1639 1432 1678 si

179 1702 297 1752 libet,
331 1703 422 1756 ipse
459 1703 702 1756 perspicies,
736 1717 868 1756 quam
905 1703 1090 1754 humilis,
1123 1705 1355 1757 subjectus,
1394 1706 1433 1748 Sc

179 1771 417 1811 tractabilis
445 1772 512 1820 sit,
536 1771 745 1823 quamdiu
773 1771 842 1811 hic
871 1785 992 1812 sacer
1019 1773 1054 1811 F
1057 1787 1160 1813 ocus
1189 1780 1279 1814 tam
1308 1774 1432 1816 laetas

179 1839 321 1880 fundit
343 1838 553 1887 flammas,
570 1839 607 1879 &
630 1852 706 1892 per
721 1839 799 1879 has
816 1840 988 1892 signum
1005 1840 1142 1891 datur,
1157 1843 1273 1894 quod
1291 1843 1433 1884 Amor

179 1914 326 1948 noster
361 1909 404 1948 in
442 1907 623 1960 Olympi
654 1907 782 1960 hujus
813 1908 921 1948 solio
952 1909 1150 1959 resideat,
1180 1916 1284 1951 tunc
1315 1913 1430 1952 enim

177 1975 298 2016 humi
313 1976 557 2016 substratus
568 1975 698 2028 jacet,
713 1975 751 2016 &
768 1976 878 2016 sicut
892 1975 1079 2017 famulus
1092 1977 1432 2031 obsequentissi-

180 2057 285 2094 mus,
309 2045 363 2085 ad
394 2045 501 2097 Ejus
526 2045 706 2097 imperia
733 2044 771 2085 &
800 2044 971 2098 placita,
994 2047 1176 2098 proinde
1202 2049 1256 2088 ad
1283 2050 1430 2090 omnia

177 2113 277 2153 vitae
300 2119 457 2153 nostrae
479 2112 632 2162 officia,
654 2113 927 2166 paratissime
949 2115 1043 2155 ruit.
1106 2115 1150 2156 Is
1178 2117 1357 2169 quidem
1386 2118 1429 2158 in

177 2181 530 2234 quamplurimas,
566 2180 678 2221 ultra
714 2187 928 2222 trecentas
963 2189 1039 2223 aut
1075 2184 1429 2237 quadringentas,

176 2262 222 2289 se
250 2255 417 2290 mutare
445 2249 555 2290 solet
586 2249 758 2299 formas,
776 2249 868 2303 jam
900 2250 1060 2291 scilicet
1092 2252 1134 2291 in
1165 2252 1427 2294 horrendum

177 2317 435 2368 Draconem,
451 2318 542 2372 jam
566 2319 609 2359 in
632 2318 807 2371 Lupum
830 2331 879 2358 ac
896 2318 1118 2372 ingentem
1138 2320 1314 2370 Canem,
1333 2321 1426 2375 jam
