1783 2760
394 144 472 178 DE
504 142 779 177 JNFANTJA
816 143 1201 178 PRJileGENJTI.
1385 151 1430 187 73

169 241 302 281 modo
326 241 569 290 Intellectu,
591 242 667 281 sed
695 243 827 282 etiam
849 242 1091 282 Voluntate
1114 242 1321 282 adornavi
1341 255 1349 291 ;
1379 255 1430 281 ac

168 311 229 350 ita
261 309 367 350 fines
404 323 524 350 meos
559 310 712 349 vestris
749 310 936 350 arbitriis
973 309 1150 362 subjeci.
1213 309 1301 351 Sed
1336 310 1429 350 Vos

168 379 324 418 iterum
357 377 396 418 &
432 379 587 418 iterum
619 391 772 430 precor
804 377 842 418 &
875 378 1083 427 obtestor,
1116 391 1171 417 ne
1201 377 1334 418 alium
1367 378 1430 417 in—

168 488 329 531 minatae,
341 488 454 522 edunt
468 500 476 529 ;
503 498 571 522 nec
583 487 736 522 Viscera
748 487 859 522 totius
877 488 1060 532 Corporis,
1073 487 1166 521 ullas
1182 487 1429 531 operationes,

167 543 238 577 nisi
256 555 322 588 per
339 543 475 577 similes
493 543 726 578 mutationes.
779 544 861 587 Quo
885 550 1009 577 autem
1037 543 1265 577 Substantiae
1290 543 1430 587 priores

168 605 231 633 aut
249 599 454 643 superiores
473 605 569 641 sunt,
587 609 631 632 eo
649 610 722 632 non
744 599 861 633 solum
887 599 1060 641 habilius,
1079 598 1144 632 sed
1167 598 1299 640 modis,
1318 604 1356 631 ut
1379 598 1431 631 ita

167 654 300 697 dicam,
319 653 589 697 infinitioribus,
609 665 693 687 suas
712 653 848 687 formas
871 654 1024 696 variare,
1044 665 1107 687 seu
1131 660 1248 687 status
1275 660 1430 695 mutare,

167 715 333 754 possunt,
351 709 446 743 adeo
463 716 501 743 ut
521 709 557 742 in
576 710 756 754 supremis
775 716 878 743 tanta
897 709 943 743 sit
961 709 1126 753 potentia
1152 709 1233 742 illas
1251 708 1430 750 variandi,

167 771 207 798 ut
237 776 386 799 omnem
415 765 610 809 calculum,
636 776 677 799 ac
705 776 833 798 omnes
860 764 1026 798 omnium
1053 764 1278 798 calculorum
1304 763 1429 806 series,

167 820 349 854 excedant
364 833 371 861 ;
399 831 486 854 nam
504 820 584 864 ipsa
603 820 746 854 illarum
763 819 951 864 perfectio,
966 819 1051 864 quia
1065 819 1246 861 activitas‚
1262 819 1297 851 in
1312 818 1430 851 varia-

167 875 309 909 bilitate
328 886 403 909 suae
421 875 548 909 formae
567 875 742 909 consistit.
785 876 838 909 Ut
855 886 920 920 per
937 875 1100 918 aliquam
1115 874 1248 917 ideam,
1263 873 1429 907 Variatio

167 930 239 964 ista
257 931 600 975 comprehendatur,
617 931 662 965 sit
683 931 817 965 Forma
831 931 1020 965 circularis
1035 930 1190 974 exempli
1204 930 1297 972 loco,
1312 929 1374 963 illa
1393 930 1430 962 in

167 986 287 1020 nullas
321 997 395 1020 non
429 986 572 1030 species
608 986 816 1030 Ellipsium,
846 986 1062 1030 Cycloidum
1093 985 1124 1019 δε
1157 986 1361 1019 Curvarum
1391 996 1431 1019 se

167 1041 304 1085 patitur
328 1041 484 1082 variari3
511 1041 591 1085 ipsa
619 1041 770 1085 Ellipsis
796 1041 833 1074 in
859 1041 1023 1074 infinitas
1051 1040 1106 1074 sui
1133 1040 1271 1074 similes
1299 1040 1331 1074 Sc
1358 1040 1431 1074 dis-

169 1097 307 1131 similes
324 1109 332 1137 ;
360 1097 495 1130 Forma
512 1108 599 1130 vero
617 1103 792 1141 perpetuo
811 1096 997 1130 circularis
1017 1107 1080 1129 seu
1100 1095 1256 1140 spirans,
1275 1106 1357 1140 quae
1376 1101 1431 1129 est

169 1152 344 1196 superior,
363 1152 399 1186 in
418 1153 538 1186 adhuc
558 1153 690 1196 plures,
709 1152 796 1196 quia
822 1163 896 1185 non
923 1151 1136 1185 immediate
1162 1151 1310 1185 unicum
1336 1150 1431 1184 Cen-

168 1214 276 1251 trum,
294 1215 333 1242 ut
359 1208 482 1247 fixum,
506 1208 572 1242 sed
598 1208 779 1251 integrum
805 1208 991 1252 quendam
1018 1207 1204 1250 circulum,
1230 1213 1292 1240 aut
1318 1206 1428 1239 aliam

169 1274 319 1296 curvam
333 1274 353 1298 e
367 1263 506 1296 familia
521 1263 762 1305 circularium,
777 1263 891 1296 centri
905 1262 998 1304 loco,
1011 1261 1180 1306 respicit;
1200 1261 1286 1295 inde
1297 1261 1430 1295 crescit

168 1318 232 1351 illa
249 1317 327 1362 ejus
344 1318 510 1363 potentia
531 1318 652 1351 adhuc
671 1318 707 1351 in
727 1318 915 1362 quandam
940 1317 1160 1351 infinitatem
1177 1329 1185 1358 ;
1212 1317 1262 1350 ita
1285 1327 1431 1361 semper

168 1373 326 1417 amplius
351 1373 389 1406 in
416 1372 560 1406 Formis
585 1373 706 1406 adhuc
733 1372 992 1417 superioribus.
1045 1372 1138 1406 Sunt
1164 1372 1287 1416 itaque
1312 1372 1428 1405 reales

167 1428 386 1470 activitates,
399 1439 481 1472 quae
494 1434 640 1462 nostras
655 1428 757 1462 ideas
771 1428 990 1472 producunt,
1003 1427 1034 1461 δε
1047 1427 1196 1472 quidem
1210 1433 1286 1461 tam
1300 1427 1430 1468 reales

168 1489 207 1517 ut
232 1483 281 1517 ad
305 1490 466 1528 captum,
485 1483 560 1517 imo
585 1483 633 1517 ad
660 1483 789 1526 visum,
816 1482 1059 1516 demonstrari
1086 1489 1247 1527 queant:
1275 1482 1429 1527 proinde

170 1539 384 1573 Intellectus
413 1539 460 1572 ab
495 1538 744 1572 activitatibus
775 1549 852 1572 suae
884 1537 1024 1581 sormae,
1055 1538 1147 1572 sicut
1182 1538 1293 1571 Visus
1323 1549 1345 1571 a
1373 1537 1429 1571 sui

169 1594 288 1637 Oculi,
315 1594 347 1628 δι
376 1595 500 1628 Motus
526 1605 548 1627 a
574 1594 629 1628 sui
659 1594 830 1637 Musculi,
857 1593 958 1635 fluit;
985 1604 1097 1638 quare
1124 1593 1184 1628 ille
1210 1604 1277 1627 nec
1303 1592 1429 1627 incon-

167 1649 357 1684 venienter
367 1655 518 1683 vocatur
530 1649 640 1682 Visus
656 1648 814 1682 interior.
852 1649 923 1681 Hae
940 1648 1171 1682 Variationes
1186 1659 1259 1682 non
1274 1648 1430 1682 existere

167 1711 323 1749 possunt
340 1704 376 1737 in
394 1704 512 1748 prima
530 1703 655 1737 nostra
674 1703 839 1746 infantia,
855 1714 942 1736 nam
960 1703 997 1736 in
1015 1714 1077 1737 eas
1092 1714 1157 1747 per
1176 1703 1428 1737 sensationum

168 1766 377 1793 nostrarum
396 1759 582 1801 influxum,
601 1759 662 1803 qui
681 1758 720 1792 fit
739 1758 941 1792 secundum
960 1758 1070 1792 fibras
1096 1758 1132 1791 in
1151 1758 1231 1802 ipsa
1249 1758 1431 1803 principia

169 1814 354 1858 fibrarum,
365 1814 427 1848 ubi
442 1814 519 1858 ipse
537 1814 748 1848 Intellectus
762 1813 908 1856 residet,
923 1813 1186 1857 inaugurandae
1201 1820 1296 1848 sunt.
1333 1815 1429 1858 Ipsae

168 1881 255 1904 vero
270 1869 607 1904 Determinationes
621 1869 818 1903 voluntatis
834 1869 870 1902 in
885 1875 998 1911 actus,
1011 1869 1123 1902 etiam
1137 1875 1232 1912 sunt,
1245 1869 1282 1903 in
1296 1869 1429 1904 iisdem

169 1925 360 1970 principiis
388 1925 632 1968 Organorum,
651 1924 886 1958 Variationes
912 1935 976 1958 seu
1005 1924 1243 1968 Mutationes,
1262 1925 1327 1959 sed
1353 1937 1428 1959 non

169 1981 272 2024 tales,
285 1980 412 2025 quales
431 1987 514 2014 sunt
533 1980 799 2024 perceptiones,
812 1979 1106 2023 imaginationes,
1119 1980 1151 2013 &
1167 1980 1428 2024 cogitationes;

171 2041 255 2068 sunt
273 2035 371 2068 enim
389 2034 623 2069 Variationes
642 2034 895 2077 dimensionis,
914 2045 978 2068 seu
1004 2035 1261 2078 Expansiones
1280 2035 1312 2069 δε
1333 2035 1430 2069 Con-

170 2090 378 2124 strictiones
400 2089 529 2123 formae
553 2090 674 2130 datae;
700 2101 787 2122 nam
812 2100 877 2134 per
900 2089 993 2132 illas,
1020 2090 1114 2124 sicut
1139 2090 1297 2134 Sanguis
1322 2101 1343 2125 e
1363 2102 1429 2124 suo

173 2145 292 2180 Corde
310 2145 347 2179 in
365 2145 538 2188 Arterias,
558 2145 608 2178 ita
628 2145 796 2189 Spiritus,
807 2144 978 2179 animalis
997 2144 1127 2187 dictus,
1142 2156 1162 2179 a
1182 2145 1256 2179 suis
1274 2146 1430 2179 corculis

172 2211 235 2234 seu
270 2199 485 2234 substantiis
520 2199 754 2233 corticalibus
784 2199 821 2232 in
852 2198 975 2241 fibras,
1002 2199 1050 2233 ad
1075 2199 1291 2233 excitandos
1326 2200 1428 2233 Mus-

171 2256 284 2298 culos,
299 2255 510 2299 exprimitur
528 2266 535 2289 :
560 2254 659 2300 quod
677 2255 728 2289 ita
746 2254 803 2298 sit,
818 2254 938 2288 omnis
959 2254 1196 2299 Experientia
1214 2255 1246 2290 δε
1265 2255 1428 2290 Scientia

171 2310 374 2345 confirmat.
