1835 2672
338 146 403 180 180
534 145 719 180 CAPUT
749 144 1069 189 SECUNDUM,
1103 144 1297 179 SECTJO
1330 143 1406 178 Ill.

334 243 646 294 transformat;
676 257 779 284 nam
803 257 955 284 omnes
981 242 1239 296 Spirituales
1262 240 1492 290 Essentiae,
1509 253 1601 280 cor-

335 327 442 367 pore
477 313 597 366 gravi
641 326 728 353 non
773 313 951 361 indutae,
991 326 1094 352 suos
1131 318 1284 359 status,
1320 324 1398 364 per
1438 308 1603 349 similes

335 383 603 423 variationes
640 382 805 431 formae,
829 381 1061 422 actualiter
1097 386 1426 434 repraesentant.
1489 379 1604 419 Prae-

336 457 457 491 terea
478 451 612 491 etiarn
636 450 708 490 ille
730 457 881 490 nostra
905 451 1081 490 decreta
1112 464 1190 503 per
1218 448 1349 489 fibras
1372 449 1409 489 ei
1433 447 1606 501 subjec-

337 527 418 570 tas,
441 520 483 560 in
505 526 655 560 actum
678 519 957 568 determinat,
982 518 1019 559 ἃ
1043 520 1285 571 exequitur.

398 590 463 640 84
499 590 823 642 Prosequamur
845 588 989 628 adhuc
1012 588 1308 628 recensionem
1331 587 1423 640 ejus
1445 587 1608 627 officio-

341 671 448 707 rum,
485 658 561 697 sed
605 657 711 697 dum
749 656 936 709 pedibus
973 657 1109 696 nostri
1144 656 1325 696 Amoris
1361 656 1607 696 substratus

337 727 468 780 jacet.
532 726 646 767 Sunt
688 727 805 766 enim
847 732 934 765 tres
980 725 1175 778 Sphaerae
1218 725 1354 765 nostri
1390 725 1608 778 Corporis,

342 796 505 836 scilicet
538 794 721 848 Sphaera
756 795 1084 846 Principiorum,
1109 793 1364 843 Causarum,
1395 793 1433 834 ἃ
1466 793 1610 834 Effec-

341 872 467 905 tuum
495 878 503 904 :
556 863 799 917 Supremus
839 876 940 903 curn
985 869 1135 902 nostro
1175 863 1345 903 Amore
1392 863 1611 916 Principia

343 940 504 974 nostrae
527 933 630 973 vitae
655 933 764 985 regit
786 946 794 982 ;
829 931 1022 972 Animus
1049 946 1164 980 vero,
1187 932 1400 985 principia
1430 938 1610 981 naturae,

345 1003 383 1043 &
419 1003 524 1056 quia
558 1001 692 1051 fibris,
729 1002 862 1041 etiam
904 1002 1057 1050 causis,
1092 1001 1277 1054 proinde
1312 1001 1393 1055 ipsi
1429 1000 1614 1054 sphaerae

346 1072 599 1112 Effectuum
622 1076 783 1123 praeest
805 1084 813 1120 3
836 1084 972 1123 quare
994 1070 1028 1110 is
1051 1071 1210 1120 omnia,
1229 1084 1326 1123 qua:
1344 1071 1386 1110 in
1409 1071 1615 1123 suprema

348 1140 544 1195 Sphaera,
567 1146 615 1180 ut
638 1139 756 1187 fines,
781 1139 1081 1189 intenduntur,
1105 1153 1155 1180 ac
1188 1146 1235 1180 ut
1267 1140 1443 1180 decreta
1475 1141 1613 1193 impe-

346 1216 507 1259 rantur,
532 1209 574 1249 in
613 1208 845 1257 Mundum,
868 1222 944 1248 seu
981 1208 1199 1249 Naturam
1236 1210 1371 1250 nostri
1407 1209 1613 1262 Corporis

347 1279 628 1328 transcribit3
662 1277 735 1317 ubi
774 1277 904 1317 Fines
937 1277 1019 1326 isti,
1053 1278 1163 1318 sicut
1197 1278 1384 1319 totidem
1422 1278 1614 1327 Animae,

349 1350 537 1389 induunt
560 1360 817 1400 corpoream
841 1347 1066 1398 quandam
1089 1348 1290 1400 speciem,
1309 1348 1347 1388 ἃ
1369 1362 1414 1388 se
1432 1348 1474 1388 in
1489 1347 1618 1388 effec-

349 1426 419 1459 tus
442 1424 518 1457 aut
542 1415 771 1456 sensibiles
795 1422 931 1461 actus,
951 1415 1183 1456 effundunt
1205 1431 1212 1466 ;
1243 1430 1346 1457 nam
1366 1416 1617 1470 Spiritualis

350 1488 440 1527 vita
478 1491 640 1525 nostrae
676 1484 843 1524 Mentis
878 1485 919 1524 in
954 1484 1105 1524 finium
1143 1485 1375 1526 intuitione
1407 1486 1620 1534 consistit,

352 1569 451 1609 quae
489 1555 592 1607 ipsis
627 1553 787 1593 nostris
826 1554 1074 1593 actionibus
1107 1553 1313 1605 infertur3
1347 1568 1481 1607 quare
1503 1554 1619 1594 actio

354 1624 582 1677 respicitur
602 1637 627 1663 a
650 1636 730 1662 suo
753 1621 849 1671 fine,
874 1635 959 1662 non
989 1636 1092 1663 vero
1115 1637 1140 1663 a
1162 1637 1240 1663 suo
1263 1629 1399 1671 motu,
1423 1637 1497 1663 seu
1527 1623 1621 1663 vul-

354 1701 425 1734 tus
443 1692 582 1732 forma
600 1705 609 1742 ;
631 1691 725 1731 haec
743 1690 940 1739 trahitur,
959 1691 1064 1731 dum
1087 1692 1177 1731 vita
1200 1691 1284 1739 illa,
1302 1705 1379 1744 per
1400 1691 1619 1745 sphaeram

355 1774 583 1802 causarum
608 1761 651 1799 in
670 1759 889 1813 sphaeram
905 1759 1151 1809 effectuum,
1171 1761 1439 1801 mediatione
1454 1761 1621 1810 Animi,

357 1831 624 1871 traducitur:
660 1829 759 1868 talis
794 1829 927 1868 etiam
967 1829 1379 1881 Correspondentia,
1402 1828 1440 1869 ἃ
1473 1836 1622 1870 actua-

358 1901 409 1940 lis
430 1913 506 1953 per
529 1897 747 1938 influxum
778 1898 1060 1937 constabilita
1095 1898 1341 1938 Harmonia
1378 1899 1490 1938 inter
1524 1898 1624 1951 Spi-

360 1969 532 2009 ritualia
556 1967 593 2007 ἃ
619 1966 852 2019 Corporea,
868 1980 943 2006 seu
967 1967 1079 2006 inter
1104 1967 1361 2008 Caelestia&
1380 1967 1625 2017 Naturalia,

360 2036 544 2091 proinde
567 2036 679 2074 inter
702 2048 753 2074 ea
775 2048 874 2087 quae
896 2036 1062 2075 Mentis
1097 2043 1209 2085 sunt,
1231 2036 1268 2076 ἃ
1297 2050 1349 2076 ea
1381 2050 1480 2089 quae
1519 2037 1625 2077 Cor-

361 2107 490 2160 poris,
506 2104 749 2151 intercedit,
768 2110 815 2144 ut
838 2118 971 2144 unum
997 2104 1196 2152 alterum,
1211 2105 1322 2145 sicut
1345 2105 1442 2145 idea
1456 2111 1626 2159 typum,

363 2175 532 2223 referat,
556 2173 593 2214 &
626 2174 687 2213 sic
720 2179 895 2213 mutuas
918 2181 1129 2226 praestent
1152 2188 1319 2227 operaS,
1341 2181 1415 2215 aut
1439 2175 1626 2216 reddant

362 2245 504 2284 vices:
538 2242 689 2295 thue
720 2242 815 2281 haec
844 2242 1246 2295 Correspondentia
1271 2244 1430 2296 vigeat,
1451 2245 1628 2284 traden-

366 2315 434 2354 dae
470 2318 572 2352 sunt
595 2310 751 2351 Amori
787 2317 937 2351 nostro
971 2311 1168 2361 habenae,
1191 2312 1263 2364 qui
1287 2312 1459 2353 hostem
1484 2312 1628 2353 fraenis
