1835 2672
359 162 378 196 8
619 162 802 196 CAPUT
831 161 1071 205 PRIMUM,
1107 160 1300 195 SECTJO
1332 160 1362 195 J.

357 266 510 300 tenore
549 273 779 300 causarum
820 259 926 310 fluit,
961 260 996 300 si
1036 259 1224 300 Telluris
1265 258 1357 299 sata
1388 271 1445 298 ex
1478 257 1620 311 primo

358 329 546 369 stamine
568 328 777 376 evolvere,
801 343 852 369 ac
873 329 1013 382 ipsam
1043 343 1100 368 ex
1130 330 1208 368 sua
1236 328 1402 380 origine
1429 326 1621 376 lustrare,

358 398 529 438 animus
551 398 618 446 sit,
642 398 760 450 quod
783 398 838 437 ad
862 398 1005 450 ipsum
1030 397 1179 438 Solem
1210 396 1517 437 recurrendum
1539 396 1622 446 sit;

358 480 460 506 nam
485 466 679 506 Effectus
702 472 768 506 est
792 466 1032 507 Causarum
1062 480 1087 506 a
1112 466 1253 518 prima
1281 465 1540 514 continuus;
1582 464 1620 504 &

360 535 503 576 Causa
535 549 612 588 per
641 549 774 588 quam
807 535 1015 583 subsistit,
1046 535 1325 574 continuatur
1357 533 1514 575 Causae
1545 546 1623 586 per

358 618 490 657 quarn
514 605 665 644 existit
686 619 694 654 ;
727 610 792 644 est
814 604 929 644 enim
957 603 1252 644 Subsistentia
1272 608 1484 655 perpetua
1504 615 1622 654 quae-

358 672 461 713 dam
485 673 747 713 Existentia.

415 742 451 782 8.
485 741 707 782 Tellurem
731 742 878 794 itaque
896 741 1086 793 primum
1104 740 1146 780 in
1163 754 1240 780 suo
1258 746 1367 789 ortu,
1384 746 1460 780 aut
1478 740 1520 779 in
1543 753 1622 779 suo

358 823 452 859 ovo,
479 809 516 850 &
538 810 823 863 postmodum
847 809 889 849 in
912 810 990 849 sua
1012 808 1194 849 infantia
1217 822 1266 849 ac
1290 808 1404 857 flore,
1427 814 1623 849 contem-

356 878 549 931 plemur,
582 878 789 931 deinceps
806 891 903 918 eam
926 891 1004 930 per
1024 891 1101 917 sua
1123 878 1213 918 fata
1235 891 1491 930 sequamur;
1523 890 1621 929 quae

355 947 389 986 si
423 960 521 986 cum
554 947 616 995 iis,
649 960 747 999 quae
777 947 820 986 in
853 945 1039 998 speculis
1071 947 1284 985 universae
1317 952 1483 986 naturae
1519 958 1621 985 con-

354 1022 538 1064 tuemur,
574 1015 872 1064 coinciderint,
907 1014 1094 1054 totidem
1122 1020 1249 1055 erunt
1280 1019 1621 1063 auctoramenta,

355 1097 452 1136 quae
491 1083 591 1123 dein
629 1097 652 1123 e
689 1083 785 1123 loco
825 1083 1188 1135 consequentium
1231 1083 1273 1122 in
1316 1083 1459 1123 locum
1500 1088 1622 1122 ante-

354 1152 617 1200 cedentium,
656 1152 808 1192 ordine
845 1157 960 1191 retro
996 1165 1133 1200 verso,
1169 1151 1443 1203 transcripta,
1480 1151 1620 1203 ipsam

353 1221 565 1273 originem
589 1234 645 1260 ex
668 1226 839 1260 suamet
860 1221 970 1260 serie
991 1219 1307 1269 confirmatam,
1331 1219 1605 1260 concludent.

352 1332 551 1376 trajiciunt,
581 1332 802 1366 densitatem
834 1332 866 1365 &
897 1332 1119 1374 columnam,
1146 1338 1224 1365 tum
1249 1332 1482 1376 aliquatenus
1507 1331 1620 1366 etiam

353 1387 556 1421 secundum
575 1398 717 1420 moram
736 1386 815 1431 ejus
834 1397 944 1430 super
960 1387 1213 1430 Horizontem‚
1228 1386 1260 1420 ἃ
1279 1398 1473 1420 occursum
1487 1386 1620 1421 caloris

352 1453 395 1476 ex
418 1442 563 1487 objecto
585 1442 817 1483 exhalanti53
845 1442 876 1476 ἃ
901 1442 1061 1486 denique
1084 1442 1290 1476 secundum
1314 1442 1531 1476 distantiam
1555 1453 1619 1475 seu

352 1498 539 1541 angulum,
558 1508 669 1542 quem
690 1508 848 1541 magnus
867 1497 945 1541 ejus
968 1497 1090 1531 vultus
1116 1497 1329 1539 subtendit;
1355 1497 1498 1532 minore
1521 1497 1619 1531 enim

353 1553 496 1587 Caloris
514 1553 549 1586 vi
568 1553 739 1587 afflantur
769 1554 933 1597 Corpora
956 1553 993 1585 in
1016 1559 1180 1586 extremo
1205 1552 1284 1597 ejus
1308 1553 1469 1586 universi
1492 1553 1620 1595 limite,

352 1620 464 1653 quam
486 1620 569 1654 quae
594 1608 662 1642 sub
685 1608 763 1652 ejus
787 1608 918 1643 intuitu
933 1604 1089 1650 ,errarit;
1117 1620 1230 1653 quare
1255 1609 1318 1642 Sol
1342 1608 1517 1652 indigena
1539 1609 1619 1643 haec

354 1665 527 1708 Corpora,
543 1664 672 1698 Calore
684 1675 730 1697 ex
740 1674 875 1708 magno
888 1674 954 1696 suo
967 1664 1055 1696 sinu
1068 1666 1280 1708 erumpente
1281 1664 1402 1707 fovet,
1415 1663 1619 1697 secundum

352 1719 656 1763 propositionem.
693 1720 849 1763 Insuper
862 1719 973 1752 etiarn
988 1719 1057 1752 illa
1072 1719 1331 1752 venustissimo
1345 1720 1484 1753 amictu
1498 1723 1619 1761 ornat,

351 1785 438 1807 nam
461 1774 644 1808 Universa
663 1774 820 1808 Telluris
842 1774 955 1808 facies
974 1785 1057 1807 cum
1076 1774 1151 1808 suis
1169 1774 1278 1817 arvis,
1296 1774 1421 1808 viretis
1440 1774 1471 1808 ἃ
1491 1774 1619 1818 hortis,

353 1830 400 1863 ad
432 1841 547 1864 novos
578 1830 711 1863 caloris
742 1830 821 1874 ejus
851 1830 1047 1874 aspiratus,
1075 1836 1240 1874 tempore
1274 1830 1415 1864 scilicet
1448 1830 1554 1864 Veris
1585 1830 1618 1864 &

352 1884 522 1927 AEstatis,
546 1885 767 1926 efflorescit3
794 1884 826 1918 ἃ
851 1884 1007 1928 singula,
1033 1895 1115 1929 quae
1140 1885 1273 1919 faciem
1298 1885 1407 1919 istam
1430 1885 1618 1928 amiciunt,

351 1940 498 1973 tametsi
526 1940 719 1983 exstincta,
744 1951 764 1974 e
787 1940 935 1974 tumulis
961 1940 1034 1973 suis
1059 1940 1164 1984 quasi
1193 1940 1229 1972 in
1256 1939 1369 1973 vitam
1399 1946 1616 1984 resurgunt3

352 2002 517 2029 actutum
532 2006 627 2037 vero,
637 1996 724 2029 dum
741 1996 803 2029 Sol
816 2006 837 2028 a
850 1995 997 2029 Vertice
1009 1995 1253 2037 descendit,&
1264 2006 1329 2039 per
1340 1995 1616 2029 inclinationem

355 2050 459 2083 Plani
481 2051 729 2084 Horizontalis
748 2050 921 2083 humilior
943 2050 1117 2093 redditur,
1136 2050 1292 2084 subeunt
1317 2050 1463 2093 frigora,
1482 2050 1616 2095 quibus

353 2105 519 2149 subjecta
539 2105 658 2148 Regni
676 2105 906 2149 Vegetabilis
924 2105 1158 2147 occumbunt,
1177 2105 1209 2139 δε
1228 2105 1335 2138 morti
1361 2106 1592 2149 resignantur
1609 2115 1617 2143 ;

352 2161 403 2194 ita
420 2161 566 2194 [molas
575 2161 738 2205 perenni
752 2162 854 2195 victu
873 2172 917 2195 ex
940 2161 1080 2204 gremio
1103 2161 1260 2195 Telluris
1288 2161 1446 2195 excitato
1470 2162 1619 2202 nulrit,-

352 2217 383 2249 δε
402 2216 521 2248 vitam
539 2226 664 2248 rorum
675 2218 869 2260 proregal.
907 2216 1089 2249 Praeterea
1106 2216 1219 2250 etiam
1236 2215 1302 2249 dat
1326 2216 1514 2260 Tempora,
1533 2227 1616 2261 quae

351 2282 393 2303 ex
430 2270 514 2304 Sole
543 2270 691 2304 trahunt
723 2282 789 2304 sua
818 2270 980 2304 maxima
1007 2270 1039 2304 δε
1064 2271 1217 2304 minima
1242 2277 1445 2313 momenta,
1470 2270 1502 2304 &
1529 2282 1614 2305 suas

350 2326 448 2361 vices
465 2338 472 2367 ;
503 2326 647 2360 Saecula
665 2326 763 2361 enim
783 2337 866 2361 cum
885 2325 958 2360 suis
977 2325 1097 2369 annis,
1115 2325 1213 2360 Anni
1233 2337 1315 2360 cum
1335 2325 1410 2360 s'uis
1428 2326 1569 2369 diebus,
1582 2326 1615 2360 &
