1835 2672
354 106 418 139 114
547 96 730 131 CAPUT
757 95 1077 140 SECUNDUM,
1112 95 1306 131 SECTIO
1339 95 1414 131 III.

351 194 389 235 &
412 194 583 247 quoties
604 193 769 247 aliquid
793 208 869 247 per
891 193 1002 234 fores
1025 200 1201 234 tuorum
1223 207 1429 234 sensuum
1458 192 1612 243 influit,

350 263 429 303 tibi
464 262 638 312 indicat,
668 263 772 316 quid
805 263 842 303 ei
873 262 1097 303 conforme
1124 263 1245 303 videt
1283 262 1320 303 &
1354 262 1536 316 percipit
1568 263 1611 303 in

351 331 498 380 Cae103
530 338 633 372 tunc
661 331 784 384 quasi
813 331 953 371 simile
982 331 1148 372 excitat
1178 331 1331 380 simile,
1358 331 1458 372 idea
1485 344 1611 371 suum

350 406 520 452 typum,
555 399 592 440 δι
625 400 909 452 postmodum
939 405 1071 452 typus
1102 413 1226 440 suam
1259 399 1430 450 ideam;
1462 400 1613 440 ordine

351 468 445 508 fluit
473 481 608 508 unum
637 469 679 508 in
709 468 905 518 alterum,
928 481 1062 521 seque
1091 469 1296 521 disponit,
1326 468 1364 509 &
1393 468 1509 509 levat
1536 481 1615 521 per

352 537 513 589 gradus
535 537 590 577 ad
615 550 666 576 ea
694 550 792 589 quae
821 536 1188 589 correspondent3
1222 537 1323 577 inde
1343 537 1473 586 venit,
1496 535 1614 589 quod

352 619 438 645 non
480 605 614 645 oculis
655 605 959 654 formositates,
995 606 1106 645 sicut
1147 605 1311 654 dixisti,
1349 606 1425 646 sed
1467 611 1614 646 mente

352 688 499 715 earum
521 674 740 714 bonitates
764 673 801 714 &
825 673 1047 722 utilitates,
1066 687 1243 724 cernas;
1277 674 1361 714 illae
1384 673 1615 714 actualiter

350 750 438 783 tuae
471 742 661 791 Animae,
691 743 848 795 partim
879 742 1011 782 etiam
1047 742 1301 783 immediate
1333 748 1421 783 tuae
1459 743 1612 792 Menti,

352 818 728 865 repraesentantur,
746 824 847 851 nam
871 824 956 850 non
974 811 1055 850 nisi
1079 824 1211 863 quam
1235 825 1291 851 ex
1313 811 1374 859 iis,
1393 825 1490 864 quae
1512 817 1613 852 actu

351 886 462 926 sunt.
478 879 642 933 aliquid
658 880 863 929 sentitur,
886 893 943 919 ex
959 892 1046 919 non
1064 879 1172 919 Esse
1189 892 1412 932 nunquam
1429 878 1613 932 Aliquid

352 949 512 997 existit,
532 949 569 989 &
593 962 650 988 ex
672 948 807 988 nihilo
830 947 935 987 nihil
959 947 1016 996 fit,
1036 949 1179 988 minus
1202 962 1330 988 sensu
1352 949 1614 1001 percipitur:

353 1017 445 1057 Nec
486 1017 622 1065 crede,
664 1017 781 1070 quod
821 1016 914 1056 sola
956 1016 1156 1066 Lumina,
1191 1030 1290 1069 quae
1332 1016 1531 1066 influunt,
1570 1017 1612 1056 id

352 1085 526 1134 faciant,
563 1099 638 1139 per
679 1085 850 1126 illorum
891 1085 1097 1126 virtutem
1141 1086 1273 1126 modo
1314 1087 1459 1136 tueris,
1496 1085 1615 1139 quod

353 1220 503 1263 tionem,
528 1219 764 1261 concinnant,
788 1218 821 1253 ἅ
845 1218 897 1252 sic
921 1219 1019 1253 velut
1043 1226 1225 1264 parentes,
1250 1219 1441 1263 adaptant,
1458 1218 1553 1253 adeo
1577 1224 1616 1253 ut

354 1276 443 1309 fiant
461 1274 636 1319 potentiae
654 1274 853 1318 recipiendi
869 1274 1008 1308 similes
1028 1275 1114 1317 suis,
1129 1274 1283 1319 proinde
1302 1285 1517 1308 communes
1536 1273 1615 1318 ejus

353 1332 474 1372 vires;
507 1341 594 1364 nam
624 1330 724 1363 nulla
750 1341 823 1363 non
851 1330 987 1364 Forma
1012 1330 1176 1373 alteram,
1204 1331 1275 1364 nisi
1304 1330 1353 1364 ad
1381 1336 1510 1374 typum
1540 1339 1616 1363 suae

353 1393 506 1428 naturae,
523 1385 684 1429 concipit
704 1384 735 1418 δε
754 1384 870 1428 gignit
888 1397 894 1419 :
921 1392 958 1419 at
980 1396 1078 1428 vero,
1098 1386 1184 1429 quia
1207 1396 1336 1419 omnes
1355 1385 1461 1418 Vires
1483 1383 1616 1418 activae

354 1440 578 1475 extrinsecus
605 1439 770 1481 influent,
788 1450 870 1483 quae
896 1440 1101 1484 potentiam
1127 1440 1228 1473 illam
1256 1440 1292 1473 in
1319 1451 1404 1473 suos
1430 1445 1534 1473 actus
1560 1438 1614 1472 in—

354 1495 605 1539 augurabunt;
626 1494 658 1528 Sc
671 1495 776 1528 Vires
789 1494 860 1528 illae
872 1495 929 1527 vel
942 1506 1007 1539 per
1019 1495 1117 1528 viam
1129 1495 1289 1540 priorem
1304 1506 1366 1529 seu
1380 1494 1614 1539 superiorem,

356 1550 393 1584 id
417 1556 484 1593 est,
511 1561 575 1594 per
600 1549 699 1583 viam
724 1549 882 1592 Animae,
908 1550 965 1583 vel
992 1561 1055 1594 per
1080 1550 1179 1584 viam
1205 1550 1446 1594 posteriorem
1473 1560 1536 1583 seu
1563 1549 1616 1583 in-

355 1606 535 1648 feriorem,
568 1605 604 1638 id
634 1611 699 1647 est,
725 1616 790 1649 per
818 1605 917 1638 viam
950 1606 1144 1649 Sensuum,
1172 1605 1349 1640 influent:
1383 1605 1420 1639 in
1445 1604 1617 1639 omnibus

359 1661 629 1704 Primogenitis,
655 1660 808 1705 proinde
835 1660 870 1693 in
897 1661 1055 1703 Adamo,
1079 1672 1144 1705 per
1168 1661 1268 1695 viam
1293 1661 1440 1695 Animae
1466 1671 1532 1694 seu
1557 1671 1616 1694 su-

356 1717 548 1761 periorem,
576 1727 642 1749 suo
668 1715 807 1757 ordine,
835 1715 978 1760 illapsae
1004 1722 1112 1756 sunt;
1144 1723 1181 1750 at
1206 1727 1291 1750 vero
1318 1716 1354 1749 in
1383 1715 1513 1758 Nobis,
1539 1715 1618 1759 ejus

360 1771 529 1812 Posteris,
548 1782 613 1814 per
631 1770 729 1803 viam
749 1770 943 1813 Sensuum,
962 1781 1026 1804 seu
1045 1771 1264 1814 inferiorem,
1283 1771 1503 1811 illabuntur;
1532 1769 1618 1804 inde

357 1826 450 1860 ratio
476 1825 711 1868 discriminis,
734 1825 833 1869 quod
858 1837 933 1859 non
959 1837 980 1859 a
1006 1826 1124 1870 prima
1151 1832 1270 1869 aetate,
1289 1835 1559 1870 cognoscamus
1585 1824 1618 1859 &

357 1880 610 1913 discernamus
629 1879 825 1921 bonitates,
841 1886 903 1913 aut
922 1880 1015 1914 sicut
1034 1880 1176 1923 dicitur,
1191 1880 1291 1924 quod
1309 1880 1401 1914 ideae
1419 1879 1525 1913 nobis
1543 1890 1619 1913 non

358 1935 430 1968 sint
449 1940 626 1968 connatae.
678 1934 810 1969 Adhuc
830 1946 894 1979 per
910 1935 1009 1968 viam
1029 1935 1187 1980 priorem
1206 1946 1269 1969 seu
1287 1935 1445 1977 Animae,
1463 1934 1618 1968 influunt

357 1990 438 2023 istae
472 1989 565 2023 vires
597 1989 728 2023 activae
758 1989 794 2022 in
822 1990 994 2024 omnibus
1021 1991 1096 2025 fere
1121 1990 1236 2025 brutis
1262 1989 1518 2030 Animalibus;
1553 1988 1619 2023 sed

359 2052 441 2079 sunt
468 2045 579 2079 modo
605 2045 699 2079 vires
726 2045 840 2089 ipsius
866 2053 1007 2080 naturae
1037 2047 1258 2091 superioris;
1293 2056 1406 2090 quare
1431 2056 1475 2079 ex
1501 2044 1619 2089 prima

358 2100 549 2134 nativitate
591 2107 830 2143 cognoscunt,
865 2101 1040 2146 quicquid
1082 2108 1222 2135 naturae
1262 2112 1389 2135 eorum
1423 2099 1619 2134 convenire

359 2162 479 2199 potest
496 2167 503 2195 ;
530 2155 562 2190 &
581 2163 780 2189 nascuntur
799 2155 834 2189 in
854 2167 983 2191 omnes
999 2157 1172 2191 scientias
1191 2167 1266 2191 suae
1283 2157 1368 2191 vitae
1386 2155 1618 2200 profuturas;

360 2221 426 2243 nos
444 2217 567 2244 autem
588 2210 770 2243 Homines
788 2222 862 2245 non
881 2211 967 2246 item
986 2224 992 2246 ι
1019 2212 1085 2247 sed
1103 2212 1183 2246 haec
1201 2212 1352 2247 ulterius
1374 2212 1411 2245 in
1435 2209 1618 2255 sequenti-

360 2265 428 2298 bus
447 2266 617 2310 persequi
636 2265 754 2299 liceat.
