1835 2672
318 130 365 175 64
533 131 715 167 CAPUT
745 130 1066 175 SECUNDUM,
1103 130 1296 165 SECTJO
1327 130 1380 164 II.

318 230 533 271 similibus
564 231 656 281 alis,
682 230 724 270 in
753 244 862 283 quas
891 244 938 270 se
966 230 1156 279 libraret,
1181 242 1227 269 se
1256 242 1350 269 esse
1379 227 1583 276 cinctum,

319 299 494 340 credere
512 299 779 339 inducebant
794 298 857 351 (e).
905 298 1122 339 Caelicolae
1140 298 1266 346 enim,
1284 309 1430 337 coram
1448 295 1584 336 oculis

321 368 452 422 puris„
495 381 545 408 ac
587 367 820 417 mentibus,
862 381 888 407 a
929 368 1111 407 terrenis
1152 366 1385 414 amoribus,
1425 365 1584 414 vacuis,

322 436 495 490 quidvis
517 442 841 489 repraesentare,
864 435 901 476 ἃ
923 435 1053 476 simul
1076 449 1161 485 eas,
1176 448 1275 487 quo,
1291 434 1423 481 lubet,
1439 432 1586 473 studio

324 506 363 547 &
386 506 555 554 ardore,
577 499 808 545 incendere
831 510 1008 557 queunt.
1054 504 1138 544 His
1160 503 1335 544 ludicris
1355 501 1587 542 adblandi-

325 574 495 625 mentis‚
521 573 558 614 ἃ
585 573 767 613 amaenis
797 572 983 621 sasemis,
1009 572 1160 612 Infans
1188 577 1346 619 noster,
1371 571 1484 611 intra
1512 569 1588 610 ali-

325 649 433 696 quot
464 643 633 683 dierum
663 641 817 694 spatia,
842 641 885 679 in
918 640 1031 680 talos
1061 646 1246 689 evectus,
1277 640 1333 680 ad
1364 639 1518 681 Sidera
1550 638 1588 678 &

327 711 497 753 Caelum
529 716 675 751 erecto
705 708 840 758 vultu,
873 709 1133 758 incedebat;
1171 722 1250 749 nec
1282 722 1394 757 eum,
1418 707 1456 748 &
1486 713 1588 747 tunc

324 794 452 833 aegre,
494 779 726 820 demittere
767 777 956 826 volebat,
1000 777 1081 817 nisi
1125 790 1260 829 quum
1307 776 1413 817 cibis
1461 789 1592 828 super

325 863 481 889 omnes
503 848 691 889 Telluris
714 860 888 887 mensas
905 846 1069 899 paratis
1086 846 1214 895 vesci,
1232 845 1366 886 solius
1386 844 1591 898 Corporis

327 918 548 959 reficiendi
571 917 713 966 causa,
738 916 998 968 discuperet.

386 995 453 1038 45.
485 986 575 1026 Sed
592 985 686 1025 haec
704 984 846 1024 solum
865 990 989 1024 erant
1006 983 1244 1036 proscenia,
1264 996 1314 1023 ac
1332 996 1408 1036 per
1426 988 1591 1022 naturae

330 1056 423 1109 ejus
463 1068 645 1103 amores,
683 1053 1040 1106 inaugurationes
1079 1051 1378 1092 Musculorum
1416 1052 1459 1091 in
1494 1064 1594 1091 suas

329 1126 441 1166 vires
471 1124 636 1164 activas
665 1122 703 1163 ἃ
730 1122 947 1171 motrices,
971 1127 1104 1173 atque
1133 1133 1396 1173 organorum
1427 1120 1469 1160 in
1499 1117 1595 1159 sen-

330 1193 513 1235 sationis
542 1205 632 1232 suae
665 1190 847 1240 modos;
879 1189 1135 1243 cumprimis
1165 1189 1209 1228 in
1236 1189 1436 1242 gratiam,
1463 1194 1596 1241 atque

331 1261 643 1309 obedientiam,
660 1259 847 1300 Vicariae
872 1258 910 1298 ἃ
933 1258 1269 1299 succenturiatae
1292 1258 1467 1307 Mentis,
1485 1270 1595 1310 quae,

333 1329 556 1371 rationalis
578 1329 734 1377 futura,
760 1326 991 1367 Intellectu
1017 1326 1055 1367 ἃ
1077 1326 1320 1367 Voluntate
1341 1325 1597 1366 adornanda

384 1420 426 1465 (e)
457 1420 550 1454 Sunt
580 1418 732 1463 quidam
764 1417 879 1462 ipsius
909 1423 1050 1451 naturae
1078 1417 1253 1461 Corporis
1278 1417 1446 1460 Amores,
1472 1416 1533 1461 qui
1559 1426 1599 1450 se

336 1477 501 1512 omnium
520 1475 638 1520 primo
658 1474 693 1507 in
713 1485 839 1508 recens
858 1473 955 1507 natis
974 1473 1226 1516 manifestant,
1246 1473 1383 1507 scilicet
1401 1472 1599 1517 appetendi

337 1533 409 1576 illa,
440 1542 522 1576 quae
553 1530 599 1563 ad
630 1529 805 1563 unionem
835 1528 996 1572 partium
1026 1528 1058 1562 &
1084 1529 1286 1562 formarum
1314 1528 1488 1573 Corporis
1513 1538 1600 1561 con-

338 1586 598 1623 stabiliendam
625 1586 657 1619 δε
683 1584 985 1618 restabiliendam
1012 1584 1260 1625 contribuunt,
1281 1584 1372 1618 sicut
1393 1583 1601 1626 alimonias,

338 1654 421 1688 quae
440 1641 675 1683 conveniunt,
694 1646 732 1674 ut
750 1639 866 1673 lactes
885 1639 917 1672 ἃ
936 1639 1073 1672 similia
1089 1652 1096 1681 3
1125 1639 1206 1683 ipsa
1229 1645 1369 1672 naturae
1388 1638 1600 1682 indigentia,

338 1710 422 1744 quae
445 1708 484 1731 se
505 1708 569 1741 per
592 1695 715 1729 famen
741 1695 774 1728 ἃ
800 1694 909 1737 sitim,
929 1694 1036 1738 eique
1063 1694 1277 1738 adjunctam
1304 1694 1543 1738 cupiditatem
1568 1693 1600 1727 ἃ

338 1753 625 1789 oblectationem
651 1750 783 1795 prodit,
802 1750 899 1782 hunc
927 1760 1092 1783 amorem
1119 1750 1263 1793 excitat,
1282 1761 1350 1784 nec
1374 1749 1491 1783 solum
1515 1759 1602 1792 erga

339 1811 421 1855 ipsa
438 1808 572 1849 media,
592 1806 659 1840 sed
676 1805 788 1840 etiam
807 1815 894 1848 erga
912 1816 1045 1838 causas
1064 1805 1272 1839 mediantes
1291 1805 1322 1838 ἃ
1340 1804 1604 1846 ministrantes,

340 1865 435 1899 sicut
453 1874 540 1906 erga
558 1862 750 1904 Alumnas,
769 1859 867 1904 quod
886 1870 924 1893 se
943 1859 1126 1903 imprimis
1147 1859 1384 1893 manifestum
1402 1859 1521 1893 reddit
1539 1869 1604 1903 per

341 1918 503 1964 speciem
529 1916 602 1950 odii
627 1914 873 1958 indignationi
892 1913 1044 1958 junctae,
1069 1914 1175 1958 quasi
1200 1914 1358 1958 invidiae,
1384 1925 1467 1959 quae
1488 1913 1603 1947 amori

342 1975 401 2009 isti
421 1972 604 2008 contraria
622 1977 677 2004 est
695 1969 852 2012 affectio,
865 1969 1014 2014 quando
1033 1969 1087 2003 sui
1108 1968 1245 2003 similes
1264 1969 1421 2004 infantes
1436 1969 1473 2002 in
1493 1968 1604 2003 Geni-

341 2030 443 2064 tricis
471 2034 532 2061 aut
563 2026 734 2059 Alumnae
762 2024 883 2058 sinum
910 2024 1022 2058 etiam
1051 2024 1286 2068 adoptantur.
1339 2024 1439 2058 Inter
1464 2030 1604 2057 naturae

343 2095 488 2120 amores
506 2083 617 2116 etiam
636 2079 847 2115 referendus
866 2086 920 2113 est
935 2090 1039 2113 amor
1057 2090 1145 2123 erga
1163 2079 1218 2113 sui
1238 2079 1376 2113 similes
1394 2079 1604 2122 infantulos,

344 2152 431 2175 nam
450 2151 488 2174 se
507 2137 613 2183 quasi
632 2136 668 2169 in
693 2135 774 2178 illis,
793 2135 825 2168 δε
850 2135 902 2168 sic
927 2125 1117 2179 quandam
1141 2135 1328 2178 unionem,
1346 2134 1608 2179 conspicantur

346 2197 378 2232 &
394 2194 621 2241 percipiunt3
646 2201 750 2224 amor
767 2190 866 2224 enim
885 2197 939 2224 est
953 2189 1101 2224 affectio
1120 2190 1279 2233 unionis,
1291 2191 1323 2224 ἅ
1342 2190 1424 2224 talis
1442 2201 1547 2224 amor
1563 2201 1608 2224 ex

345 2253 421 2287 vita
449 2250 589 2284 Animae
608 2247 643 2280 in
668 2246 789 2290 ipsam
815 2245 988 2289 Corporis
1013 2252 1194 2288 naturam,
1211 2245 1273 2279 ubi
1300 2245 1380 2290 ipsa
1405 2256 1470 2290 per
1495 2245 1608 2280 fibras

345 2318 430 2342 suas
449 2303 714 2348 omnipraesens
733 2306 799 2344 est,
818 2299 965 2337 diffusa.
984 2300 1145 2335 resultat.
