1835 2672
394 158 458 193 174
592 151 776 187 CAPUT
804 152 1125 199 SECUNDUM,
1160 152 1355 189 SECTJO
1383 154 1458 190 III.

390 247 509 300 quod
532 261 619 288 non
641 247 745 288 foris
765 253 863 298 stet,
885 248 924 289 &
958 255 1107 290 tamen
1137 250 1192 290 ad
1217 250 1464 304 'quemlibet
1491 251 1660 305 cogita-

389 317 522 357 tionis
543 317 691 367 ictum,
706 317 904 371 proprias
922 318 1054 358 animi
1073 318 1204 369 ideas,
1224 319 1462 370 Mentibus,
1480 319 1658 373 injiciat,

389 399 491 426 nam
514 392 660 426 custos
683 392 748 426 est
770 386 963 439 ipsarum
992 387 1201 436 idearum,
1225 401 1325 440 quae
1354 401 1411 428 ex
1442 388 1584 429 modis
1615 388 1654 430 &

389 454 654 508 imaginibus
675 469 881 496 sensuum
911 463 1038 505 natae,
1061 456 1309 497 materiales
1339 463 1415 498 aut
1443 458 1657 510 imagina-

387 524 489 564 tivae
511 525 724 565 dicuntur.
787 525 859 565 Ex
882 525 949 565 his
971 526 1105 565 etiam
1129 525 1243 566 clare
1269 526 1409 566 sciunt
1437 526 1654 574 inducere,

388 594 507 646 quod
530 594 716 635 divisum
740 594 796 634 sit
822 594 1093 643 Humanum,
1115 607 1190 634 seu
1213 595 1400 647 partitus
1431 595 1583 635 Homo
1611 595 1655 635 in

387 663 654 715 superiorem
685 662 724 702 ἃ
753 662 1012 711 inferiorem,
1042 676 1117 703 seu
1146 662 1189 701 in
1223 663 1472 703 interiorem
1506 662 1544 703 ἃ
1577 676 1656 703 ex-

386 731 612 781 teriorem;
645 744 747 770 nam
770 731 997 783 perspicue
1020 730 1184 783 aliquid
1206 731 1359 771 dictari
1382 731 1437 772 de
1460 730 1592 782 Caelo,
1614 731 1653 772 &

385 799 624 839 contradici
645 812 670 839 a
693 799 861 847 natura,
884 799 1090 840 sentiunt.
1152 798 1328 839 Exhinc
1359 799 1507 852 liquet,
1531 800 1652 853 quod

386 868 696 920 unusquisque,
735 867 869 907 etiam
906 867 1188 920 integerrima
1222 868 1314 908 vita
1351 867 1504 918 clarus,
1540 881 1653 917 eum,

384 950 648 989 quocunque
678 935 813 985 vadit,
839 949 987 976 secum
1020 934 1157 976 ferat:
1189 935 1353 988 quippe
1385 949 1481 976 eam
1510 936 1651 990 ipsam

384 1004 602 1058 sphaeram
638 1004 751 1052 vitae,
788 1003 862 1044 ubi
895 1003 1087 1044 Animus
1120 1009 1269 1045 noster
1299 1005 1402 1058 agit,
1437 1018 1536 1046 cum
1563 1006 1652 1046 suis

382 1073 532 1126 geniis,
555 1072 706 1113 incolit
728 1072 765 1113 ἃ
789 1073 1027 1114 constituit.

443 1142 507 1183 80.
540 1142 649 1182 Tres
672 1142 821 1194 itaque
837 1147 939 1182 sunt
958 1141 1122 1183 Fontes
1138 1142 1267 1192 Vitae,
1285 1143 1359 1195 qui
1375 1147 1461 1183 tres
1478 1149 1650 1184 nostras

383 1210 620 1260 Potentias,
655 1224 733 1263 per
766 1223 892 1251 suum
930 1210 1159 1261 influxum,
1192 1212 1304 1252 sicut
1338 1210 1486 1252 lumen
1518 1212 1651 1253 Visus

382 1280 518 1320 nostri
553 1293 781 1333 organum,
815 1280 1015 1320 excitant
1052 1279 1090 1320 ἃ
1126 1285 1334 1330 actuant3
1381 1280 1500 1333 quod
1533 1280 1650 1322 enim

382 1348 460 1389 dat
483 1348 521 1389 ἃ
550 1349 653 1401 agit,
676 1349 834 1389 dicitur
861 1349 940 1389 Vis
969 1349 1122 1397 activa,
1147 1349 1265 1402 quod
1294 1363 1397 1389 vero
1425 1350 1581 1403 recipit
1609 1350 1649 1391 &

382 1418 559 1470 patitur,
586 1417 745 1457 dicitur
778 1417 1007 1468 Potentia;
1050 1431 1076 1458 a
1107 1418 1201 1458 sola
1233 1418 1274 1458 vi
1308 1418 1452 1458 activa
1483 1418 1650 1472 absque

380 1487 591 1539 potentia,
628 1486 738 1526 sicut
773 1500 799 1526 a
838 1487 930 1526 sola
971 1487 1171 1539 potentia
1210 1486 1375 1539 absque
1415 1487 1456 1527 vi
1493 1488 1648 1538 activa,

381 1554 526 1595 nullus
563 1555 745 1596 resultat
782 1554 972 1604 effectus,
1007 1556 1191 1608 proinde
1227 1569 1306 1596 nec
1341 1569 1471 1606 usus;
1521 1556 1648 1597 Vires

381 1629 529 1664 autem
576 1624 731 1663 activae
773 1624 860 1663 suis
902 1625 1097 1676 passiviS,
1140 1638 1216 1664 seu
1255 1624 1517 1677 principales
1558 1626 1647 1665 suis

381 1692 597 1745 organicis
633 1698 709 1732 aut
745 1692 1150 1733 instrumentalibus
1186 1692 1418 1745 adjunctae,
1455 1707 1530 1734 seu
1569 1707 1647 1747 per

381 1761 598 1802 influxum
616 1761 863 1811 adsociatae,
881 1775 1034 1802 causas
1051 1760 1298 1811 efficientes,
1318 1762 1434 1802 unde
1451 1762 1645 1813 effectus,

380 1832 651 1883 producunt:
684 1844 741 1870 ex
760 1831 854 1882 ipsa
870 1829 951 1870 hac
969 1830 1129 1870 unione
1151 1830 1363 1870 resultant
1387 1830 1644 1872 Bonitatum

380 1905 626 1939 nostrarum
659 1899 944 1948 sensationes,
973 1899 1148 1948 scilicet,
1178 1899 1296 1951 quod
1326 1899 1368 1939 id
1402 1900 1644 1940 sentiamus

379 1970 421 2009 in
446 1968 598 2016 Nobis,
621 1969 724 2020 quia
746 1968 829 2016 ille,
845 1969 920 2021 qui
944 1974 1008 2008 est
1033 1968 1150 2008 Fons
1170 1968 1282 2016 vitae,
1300 1968 1342 2008 id
1365 1968 1498 2009 sentit
1520 1968 1562 2008 in
1586 1982 1644 2018 se,

379 2037 418 2078 &
440 2051 465 2077 a
488 2037 612 2077 nobis
635 2051 711 2090 per
733 2037 1021 2087 reactionem;
1053 2049 1155 2076 nam
1178 2036 1385 2089 quicquid
1402 2050 1460 2076 ex
1483 2043 1644 2090 agente

377 2107 420 2147 in
443 2120 623 2159 compar
646 2106 684 2146 &
706 2106 871 2145 socium
901 2106 1074 2159 patiens
1104 2104 1256 2153 influit,
1280 2104 1323 2150 id
1355 2105 1457 2158 quia
1485 2106 1528 2146 in
1556 2105 1642 2156 illo,

377 2176 510 2216 etiam
526 2176 568 2214 in
585 2175 678 2222 hoc,
695 2175 936 2228 peragitur,
960 2187 1134 2227 prorsus
1148 2174 1388 2214 secundum
1407 2175 1640 2215 essentiam

377 2245 512 2298 ipsius
553 2243 743 2291 Amoris,
780 2243 854 2295 qui
895 2249 960 2283 est
1002 2242 1220 2295 ipsissima
1260 2241 1434 2283 affectio
1470 2243 1642 2284 unionis

375 2313 531 2354 virium
546 2312 770 2364 utriusque
786 2316 963 2359 naturae,
975 2324 1050 2351 seu
1065 2311 1290 2364 agentium
1307 2310 1344 2351 &
1359 2311 1641 2364 patientium,
