1835 2672
338 146 403 170 110
529 134 715 169 CAPUT
744 134 1065 179 SECUNDUM,
1099 135 1295 182 SECTJO
1329 135 1404 170 III.

336 233 538 283 involvit,
573 246 719 273 annon
742 233 784 273 id
807 232 923 281 mihi,
948 239 995 273 ut
1018 247 1177 283 meum,
1201 234 1365 282 tribuit,
1389 233 1507 287 quod
1530 247 1608 287 per

337 303 446 356 Ejus
467 303 555 342 vim
578 316 688 342 meae
707 303 916 355 potentiae
935 302 1104 342 illatum
1123 309 1200 352 est,
1218 304 1261 343 id
1282 304 1399 343 enim
1423 309 1606 356 apparet

336 372 612 424 acquisitum,
636 385 738 411 nam
770 372 958 419 recurrit,
988 372 1171 424 quoties,
1202 386 1272 412 me
1302 372 1433 421 lubet,
1456 373 1498 412 id
1530 386 1608 413 ex-

337 442 496 481 citare:
542 441 618 481 sed
660 441 896 489 subsentio,
938 441 1056 493 quod
1099 440 1243 480 adhuc
1284 441 1442 481 alicubi
1484 440 1606 481 filum

337 510 514 558 haereat,
548 510 721 562 expedi,
753 510 925 562 quaeso!
966 509 1070 549 mihi
1104 510 1250 558 telam,
1283 523 1416 562 quam
1450 523 1609 550 exorsa

339 593 408 619 es:
439 586 543 620 tunc
567 579 658 631 ejus
677 579 916 631 Sapientia,
936 592 1014 618 suo
1038 579 1197 618 intuitu
1220 578 1311 631 ejus
1332 579 1473 618 visum
1497 579 1540 618 in
1562 592 1608 618 se

338 648 488 701 figens,
509 649 625 700 quod
645 648 831 688 videaris
852 661 992 700 posse,
1012 648 1163 700 inquit,
1184 648 1402 688 revolvere
1425 647 1606 697 illatum,

339 731 427 757 non
460 717 561 756 inde
594 717 700 764 fluit,
733 717 851 769 quod
884 716 928 756 id
965 723 1089 756 tuum
1126 717 1206 767 sit;
1245 730 1390 756 annon
1428 730 1485 756 ex
1522 715 1609 756 fine

339 787 488 826 omnia
518 786 709 826 intendis
735 785 772 825 &
805 786 911 837 agis,
933 784 1030 824 finis
1063 785 1173 838 regit
1205 799 1394 834 causam,
1418 785 1454 825 &
1478 798 1608 825 causa

341 855 573 895 effectum:
620 854 727 893 fines
770 854 905 893 nostri
949 867 1124 906 semper
1159 860 1261 894 sunt
1296 853 1497 902 Amores,
1533 867 1607 893 seu

341 925 476 973 Bona,
512 937 610 976 quae
647 936 873 972 amamus;
919 922 1065 962 lusiles
1101 923 1237 962 nostri
1277 922 1474 963 Infantes
1510 923 1608 962 ideo

342 993 570 1033 Bonitates
592 992 673 1032 sub
702 992 845 1044 specie
874 991 1092 1031 Amorum
1117 992 1517 1044 repraesentabant:
1547 991 1609 1031 vi-

341 1063 502 1102 distine
535 1075 674 1114 nuper
706 1074 836 1114 super
867 1061 1094 1100 cacumina
1126 1066 1372 1101 nostrarum
1404 1060 1608 1100 arborum

341 1131 610 1185 palumbem,
652 1144 784 1183 quam
826 1136 1002 1169 strenue
1043 1130 1197 1182 pennis
1238 1130 1326 1169 suis
1366 1129 1609 1169 verberavit

341 1213 518 1248 aerem;
560 1204 808 1238 consortem
842 1211 965 1237 suam
999 1197 1260 1245 columbam,
1293 1191 1330 1236 Sc
1364 1196 1500 1246 nidos,
1534 1196 1608 1236 ubi

343 1269 437 1321 ejus
460 1268 580 1321 pulli,
603 1267 862 1319 conspexit,
896 1267 997 1306 inde
1019 1279 1150 1306 causa
1179 1273 1270 1306 tam
1302 1266 1487 1318 pernicis
1517 1264 1609 1317 ejus

341 1338 544 1386 volatus;
603 1338 641 1376 ei
692 1336 925 1376 videbatur
975 1336 1120 1384 etiam,
1164 1349 1290 1375 suum
1342 1349 1446 1382 esse,
1489 1334 1608 1387 quod

341 1407 532 1446 vibraret
569 1405 671 1454 alas,
710 1404 747 1444 8ῑ
786 1405 1086 1444 brevissimam
1124 1410 1319 1456 carperet
1353 1404 1495 1454 viam3
1531 1403 1607 1443 sed

343 1481 467 1516 erant
502 1475 594 1527 ejus
627 1474 827 1523 Amores,
863 1473 954 1526 ejus
983 1473 1178 1513 volucres
1212 1473 1333 1522 Pulli,
1368 1473 1405 1513 ἃ
1437 1472 1610 1522 Amica,

343 1557 442 1596 quae
464 1543 659 1582 animum
684 1543 776 1595 ejus
800 1542 1069 1591 excitabant,
1094 1541 1130 1581 &
1154 1541 1223 1581 hic
1246 1542 1318 1594 qui
1342 1541 1433 1580 alas
1463 1554 1610 1581 move-

343 1612 444 1661 bat3
477 1611 596 1664 quod
619 1625 722 1664 ergo
746 1611 855 1664 regit
877 1624 1065 1659 causam,
1088 1610 1170 1650 hoc
1193 1610 1324 1650 etiam
1348 1611 1458 1662 regit
1484 1609 1610 1650 effec-

343 1688 449 1729 tum,
491 1693 593 1720 nam
646 1694 777 1720 causa
829 1681 963 1733 ipsius
1005 1693 1158 1728 causae,
1202 1685 1268 1719 est
1306 1679 1439 1718 etiam
1478 1691 1610 1718 causa

345 1749 536 1790 effectus.
600 1748 812 1789 Similiter
833 1749 875 1788 in
900 1748 1064 1796 Nobis;
1100 1748 1290 1788 Amores
1313 1748 1461 1796 nostri,
1483 1752 1611 1800 quot-

343 1832 515 1871 cunque
537 1824 652 1866 sunt,
676 1818 765 1857 lora
789 1823 952 1865 tenent,
975 1816 1013 1857 ἃ
1036 1817 1209 1857 Mentes
1232 1822 1401 1857 nostras
1430 1817 1610 1856 exciunt

346 1887 383 1927 ἃ
406 1887 677 1940 gubernant;
709 1887 765 1926 ab
789 1887 838 1926 iis
868 1886 1090 1934 trahimur,
1116 1885 1153 1926 ἃ
1184 1899 1262 1925 nos
1289 1886 1536 1937 sequimur3
1570 1883 1609 1924 δε

345 1957 446 2008 quia
484 1956 716 2008 sequimur,
753 1955 952 1995 videmur
987 1968 1129 2007 agere,
1163 1955 1265 2007 quia
1301 1955 1611 1994 convenienter

346 2025 509 2065 Mentis
532 2030 692 2063 nostrae
715 2024 938 2064 vibramus
962 2024 1065 2071 alas,
1091 2023 1128 2064 ἃ
1161 2023 1365 2076 Corporis
1390 2022 1609 2074 jactamus

345 2094 525 2143 talaria,
557 2093 594 2133 ἃ
618 2106 698 2132 nos
721 2106 895 2145 quoque
917 2092 1218 2132 brevissimam
1241 2092 1451 2131 currimus
1479 2091 1608 2138 viam,

347 2177 424 2202 nec
448 2163 504 2202 ab
527 2163 588 2211 ea,
614 2162 693 2201 nisi
717 2161 881 2214 aliquid
906 2161 1066 2209 obstat,
1088 2159 1372 2209 deflectimus,
1393 2160 1493 2200 inde
1515 2159 1610 2200 bre-

345 2232 571 2272 vissimum
606 2231 874 2282 quandoque
909 2231 950 2269 in
987 2229 1228 2283 spatiosum
1265 2229 1471 2269 vertitur:
1505 2228 1610 2268 nihil

347 2301 427 2341 nisi
454 2313 585 2354 quam
614 2299 755 2339 Amor
783 2300 949 2339 excitat
977 2299 1020 2338 id
1050 2299 1167 2351 quod
1198 2298 1422 2339 Mentibus
1451 2298 1610 2339 nostris
