1835 2672
381 127 447 162 170
583 118 767 153 CAPUT
795 118 1114 163 SECUNDUM
1148 119 1344 155 SECTIO
1375 120 1451 155 JJJ.

376 216 581 270 suggerit,
605 222 653 257 ut
682 217 856 258 Mentes
884 217 970 258 illae
999 217 1042 258 in
1072 231 1118 259 se
1146 217 1366 268 inducant,
1395 217 1543 258 omnia
1570 218 1639 260 vel

376 287 493 326 caeca
520 285 689 327 fluitare
718 292 845 336 sorte,
871 285 940 327 vel
968 286 1235 327 iheluctabili
1264 286 1355 327 fato
1385 286 1551 340 absque
1577 287 1639 328 al-

377 354 626 395 levamento
648 354 758 405 ferri,
774 369 823 395 ac
846 356 908 396 ita
925 355 980 395 ad
999 355 1245 395 felicissima
1264 355 1355 395 fata
1372 354 1410 395 ἃ
1429 355 1640 396 faustissi-

377 436 472 463 mas
501 429 639 463 sortes
666 437 842 464 omnem
872 424 1040 464 aditum
1071 424 1360 475 intercludat3
1393 437 1494 464 eum
1523 425 1639 465 enim

375 506 462 532 non
480 492 602 545 fugit,
621 493 738 545 quod
758 492 863 532 nihil
885 493 1120 546 quicquam
1143 492 1254 534 forte
1277 493 1315 534 ἃ
1338 507 1439 534 casu
1462 494 1637 534 existat.

434 563 500 614 78.
535 561 623 602 Sed
653 561 870 615 pervideo,
893 563 1011 614 quod
1040 562 1238 602 Mentem
1269 568 1392 603 tuam
1421 562 1638 611 sollicitet,

376 630 414 670 &
444 630 729 671 mirabundus
758 631 801 670 id
829 644 984 679 verses,
1011 644 1086 670 cur
1113 629 1353 684 Supremus
1382 637 1540 678 noster,
1563 632 1638 684 qui

374 700 571 740 omnium
592 699 936 751 singularissima
959 699 997 740 ἃ
1026 699 1158 749 novit,
1183 699 1221 740 ἃ
1254 699 1531 740 Providentia
1559 701 1638 740 sua

373 769 493 822 regit,
519 767 556 808 ἃ
581 768 661 810 Cui
686 768 776 809 Soli
807 767 1153 821 Omnipotentia,
1176 782 1330 822 passus
1359 768 1498 818 fuerit,
1521 768 1637 809 hunc

372 844 608 890 tyrannum
631 838 691 877 ita
714 837 933 877 Mundum
955 850 1095 886 suum,
1114 851 1189 878 seu
1214 838 1388 878 Mentes
1410 838 1637 887 humanas,

372 912 464 946 tam
488 906 580 946 dire
603 905 642 946 ἃ
665 903 837 946 saeviter
854 905 1124 959 depopulari,
1143 906 1181 947 &
1204 907 1265 947 sic
1287 906 1503 947 Universo
1528 906 1636 948 Orbi

373 981 464 1015 tam
492 980 769 1015 exsecratum
799 980 963 1015 statum
993 975 1198 1016 inducere
1215 990 1224 1025 ;
1254 989 1330 1016 seu
1363 975 1513 1017 Oculis
1544 989 1638 1016 om-

372 1044 517 1084 nisciis
549 1044 670 1093 tueri,
696 1043 865 1085 Caelum
898 1044 1021 1096 quasi
1050 1057 1177 1084 suum
1207 1057 1354 1094 ruere;
1405 1044 1570 1084 Verum
1599 1045 1635 1085 si

371 1126 496 1152 aures
519 1118 616 1152 tuas
637 1112 780 1153 adhuc
801 1112 981 1165 paulum
1010 1113 1137 1153 dictis
1167 1113 1275 1153 meis
1304 1119 1497 1153 attentas
1526 1127 1636 1166 prae-

371 1182 472 1222 bere
493 1181 611 1231 velis,
625 1181 775 1221 audies
798 1181 1016 1234 stupenda
1034 1182 1072 1223 &
1090 1182 1296 1223 inaudita.
1341 1181 1635 1235 Omnipotens

371 1257 518 1291 noster
532 1250 676 1304 potuit
692 1250 957 1291 Universum
976 1264 1075 1290 cum
1089 1251 1176 1291 suis
1194 1250 1397 1291 omnibus
1413 1250 1635 1301 universis,

370 1333 458 1359 uno
486 1319 627 1359 solum
656 1318 895 1359 voluntatis
925 1324 1045 1368 nutu,
1074 1319 1308 1368 destruere,
1334 1319 1372 1360 ἃ
1401 1319 1461 1359 sic
1490 1319 1634 1372 ipsum

370 1387 492 1428 illum
514 1388 772 1439 Tyrannum
796 1401 894 1427 cum
919 1388 1144 1428 Mentibus
1166 1388 1204 1428 ei
1234 1387 1439 1440 subjectis
1462 1388 1504 1428 in
1526 1388 1634 1428 Tar-

368 1461 464 1496 tara
487 1455 524 1495 &
549 1454 725 1503 Orcum,
741 1455 813 1495 ubi
836 1455 989 1495 Noctis
1007 1455 1120 1495 illius
1138 1469 1188 1495 ac
1208 1455 1390 1496 Umbrae
1409 1456 1633 1509 imagines,

370 1530 503 1577 atque
527 1523 786 1576 Erynnides,
808 1529 1021 1577 perpetuo
1047 1530 1243 1576 regnant,
1265 1524 1535 1577 praecipitem
1558 1524 1632 1565 de-

368 1593 567 1634 trudere:
600 1592 643 1632 id
667 1593 798 1632 etiam
821 1592 1059 1641 constituit,
1083 1592 1184 1644 quia
1206 1593 1300 1645 ipsa
1325 1592 1433 1645 Ejus
1453 1592 1633 1645 Justitia

368 1662 516 1710 suasit,
545 1660 583 1701 δι
613 1661 668 1701 ad
699 1660 742 1700 id
776 1660 891 1700 Eum
925 1661 1163 1711 excitavit3
1194 1674 1296 1700 nam
1329 1662 1362 1700 si
1396 1674 1422 1701 a
1454 1661 1633 1713 Justitia

368 1744 458 1779 sua,
473 1744 498 1770 a
515 1730 671 1782 Seipso
689 1730 929 1770 recederet:
952 1735 1219 1783 quapropter
1232 1730 1364 1770 etiam
1378 1729 1631 1783 justissimae

368 1800 441 1839 irae
464 1799 557 1839 zelo
579 1798 754 1848 exarsit,
778 1812 911 1851 seque
932 1798 1024 1851 ejus
1048 1798 1301 1839 fulminibus
1323 1799 1518 1848 armavit,
1542 1812 1629 1840 non

367 1867 508 1908 solum
532 1868 573 1907 in
597 1868 739 1920 ipsum
769 1873 1018 1920 tyrannum,
1041 1867 1116 1907 sed
1147 1867 1279 1907 etiam
1311 1867 1353 1906 in
1383 1867 1629 1909 universam

367 1936 487 1977 illam
516 1937 787 1986 societatem,
817 1936 1131 1984 detonaturus;
1163 1936 1240 1976 sed
1264 1935 1356 1988 jam
1386 1936 1500 1984 audi,
1522 1937 1628 1977 dum

368 2006 409 2045 in
453 2005 671 2058 ipsissimo
712 2004 785 2044 illo
828 2005 913 2045 ictu
953 2003 1212 2044 fulminandi
1247 2009 1394 2053 staret,
1431 2018 1484 2045 en
1521 2005 1630 2046 mira

366 2074 511 2115 dictu!
561 2073 704 2113 Amor
736 2080 894 2123 noster,
917 2073 1026 2126 Ejus
1061 2073 1339 2126 UnigenituS,
1360 2073 1402 2113 in
1436 2073 1627 2115 mediam

366 2143 486 2184 illam
519 2142 696 2191 rabiem,
728 2155 803 2182 seu
826 2143 876 2182 -in
910 2143 1026 2195 ipsas
1057 2141 1188 2182 furias
1222 2141 1411 2191 Diaboli,
1441 2142 1512 2182 ubi
1545 2143 1627 2195 ipsi

365 2212 425 2253 illi
458 2213 568 2252 ictus
600 2210 793 2251 fulminis
822 2211 1039 2259 caderent,
1069 2224 1115 2251 se
1146 2224 1330 2264 pronum
1362 2210 1546 2263 conjicit,
1575 2225 1627 2252 ac

365 2281 577 2322 humanas
596 2280 700 2320 istas
719 2280 892 2320 Mentes
910 2279 1096 2320 brachiis
1113 2279 1405 2333 amplexatus,
1424 2293 1469 2320 se
1484 2293 1627 2334 poene
