<?xml version="1.0" encoding="UTF-8"?>
<!DOCTYPE html PUBLIC "-//W3C//DTD XHTML 1.0 Transitional//EN"
    "http://www.w3.org/TR/xhtml1/DTD/xhtml1-transitional.dtd">
<html xmlns="http://www.w3.org/1999/xhtml" xml:lang="en" lang="en">
 <head>
  <title>
</title>
<meta http-equiv="Content-Type" content="text/html;charset=utf-8" />
  <meta name='ocr-system' content='tesseract 3.04.00' />
  <meta name='ocr-capabilities' content='ocr_page ocr_carea ocr_par ocr_line ocrx_word'/>
</head>
<body>
  <div class='ocr_page' id='page_1' title='image "./parsprimadecultu00swed_0147.png"; bbox 0 0 1783 2760; ppageno 0'>
   <div class='ocr_carea' id='block_1_1' title="bbox 0 0 30 2760">
    <p class='ocr_par' dir='ltr' id='par_1_1' title="bbox 0 0 30 2760">
     <span class='ocr_line' id='line_1_1' title="bbox 0 0 30 2760; baseline 0 0"><span class='ocrx_word' id='word_1_1' title='bbox 0 0 30 2760; x_wconf 95' lang='lat' dir='ltr'> </span> 
     </span>
    </p>
   </div>
   <div class='ocr_carea' id='block_1_2' title="bbox 465 148 1458 196">
    <p class='ocr_par' dir='ltr' id='par_1_2' title="bbox 465 148 1458 196">
     <span class='ocr_line' id='line_1_2' title="bbox 465 148 1458 196; baseline 0.002 -14"><span class='ocrx_word' id='word_1_2' title='bbox 465 148 542 182; x_wconf 86' lang='lat' dir='ltr'>DE</span> <span class='ocrx_word' id='word_1_3' title='bbox 574 148 773 182; x_wconf 72' lang='lat' dir='ltr'><em>AMORE</em></span> <span class='ocrx_word' id='word_1_4' title='bbox 806 148 1190 184; x_wconf 51' lang='lat' dir='ltr'><em>PRLJWOGEAYTJ.</em></span> <span class='ocrx_word' id='word_1_5' title='bbox 1394 161 1404 184; x_wconf 93' lang='lat'>1</span> <span class='ocrx_word' id='word_1_6' title='bbox 1417 160 1458 196; x_wconf 80' lang='lat'>35</span> 
     </span>
    </p>
   </div>
   <div class='ocr_carea' id='block_1_3' title="bbox 193 244 1458 2354">
    <p class='ocr_par' dir='ltr' id='par_1_3' title="bbox 196 244 1458 641">
     <span class='ocr_line' id='line_1_3' title="bbox 197 244 1457 301; baseline 0.004 -17"><span class='ocrx_word' id='word_1_7' title='bbox 197 244 279 284; x_wconf 87' lang='lat' dir='ltr'>nisi</span> <span class='ocrx_word' id='word_1_8' title='bbox 301 245 613 299; x_wconf 86' lang='lat' dir='ltr'>circumseptus</span> <span class='ocrx_word' id='word_1_9' title='bbox 636 245 674 286; x_wconf 67' lang='lat'>81</span> <span class='ocrx_word' id='word_1_10' title='bbox 697 246 941 286; x_wconf 90' lang='lat' dir='ltr'>custoditus</span> <span class='ocrx_word' id='word_1_11' title='bbox 964 246 1125 296; x_wconf 87' lang='lat' dir='ltr'>fuisset,</span> <span class='ocrx_word' id='word_1_12' title='bbox 1143 261 1283 300; x_wconf 90' lang='lat' dir='ltr'>poene</span> <span class='ocrx_word' id='word_1_13' title='bbox 1305 250 1457 301; x_wconf 81' lang='lat' dir='ltr'>praeci-</span> 
     </span>
     <span class='ocr_line' id='line_1_4' title="bbox 198 313 1457 368; baseline 0.002 -14"><span class='ocrx_word' id='word_1_14' title='bbox 198 313 311 366; x_wconf 90' lang='lat' dir='ltr'>pites</span> <span class='ocrx_word' id='word_1_15' title='bbox 332 321 454 363; x_wconf 69' lang='lat' dir='ltr'>actae,</span> <span class='ocrx_word' id='word_1_16' title='bbox 477 315 538 354; x_wconf 90' lang='lat' dir='ltr'>sic</span> <span class='ocrx_word' id='word_1_17' title='bbox 558 315 772 368; x_wconf 64' lang='lat' dir='ltr'>periturae,</span> <span class='ocrx_word' id='word_1_18' title='bbox 790 314 1151 368; x_wconf 82' lang='lat' dir='ltr'>deflagraverint;</span> <span class='ocrx_word' id='word_1_19' title='bbox 1183 316 1276 356; x_wconf 91' lang='lat' dir='ltr'>Nos</span> <span class='ocrx_word' id='word_1_20' title='bbox 1298 323 1457 366; x_wconf 92' lang='lat' dir='ltr'>autem,</span> 
     </span>
     <span class='ocr_line' id='line_1_5' title="bbox 197 382 1458 438; baseline 0.003 -17"><span class='ocrx_word' id='word_1_21' title='bbox 197 395 350 422; x_wconf 84' lang='lat' dir='ltr'>omnes</span> <span class='ocrx_word' id='word_1_22' title='bbox 387 382 557 422; x_wconf 89' lang='lat' dir='ltr'>illarum</span> <span class='ocrx_word' id='word_1_23' title='bbox 599 383 803 423; x_wconf 88' lang='lat' dir='ltr'>erraticos</span> <span class='ocrx_word' id='word_1_24' title='bbox 845 382 883 423; x_wconf 65' lang='grc' dir='ltr'>ἃ</span> <span class='ocrx_word' id='word_1_25' title='bbox 926 383 1113 423; x_wconf 90' lang='lat' dir='ltr'>ludicros</span> <span class='ocrx_word' id='word_1_26' title='bbox 1153 390 1286 433; x_wconf 82' lang='lat' dir='ltr'>actus,</span> <span class='ocrx_word' id='word_1_27' title='bbox 1324 392 1458 438; x_wconf 84' lang='lat' dir='ltr'>atque</span> 
     </span>
     <span class='ocr_line' id='line_1_6' title="bbox 198 450 1456 505; baseline 0.002 -15"><span class='ocrx_word' id='word_1_28' title='bbox 198 450 324 503; x_wconf 88' lang='lat' dir='ltr'>ipsas,</span> <span class='ocrx_word' id='word_1_29' title='bbox 349 464 435 490; x_wconf 91' lang='lat' dir='ltr'>non</span> <span class='ocrx_word' id='word_1_30' title='bbox 458 452 569 491; x_wconf 90' lang='lat' dir='ltr'>sicut</span> <span class='ocrx_word' id='word_1_31' title='bbox 593 451 732 500; x_wconf 90' lang='lat' dir='ltr'>Ideas,</span> <span class='ocrx_word' id='word_1_32' title='bbox 757 451 897 491; x_wconf 88' lang='lat' dir='ltr'>minus</span> <span class='ocrx_word' id='word_1_33' title='bbox 919 457 966 491; x_wconf 91' lang='lat' dir='ltr'>ut</span> <span class='ocrx_word' id='word_1_34' title='bbox 994 451 1324 505; x_wconf 67' lang='lat' dir='ltr'>Intelligenffias,</span> <span class='ocrx_word' id='word_1_35' title='bbox 1349 467 1456 505; x_wconf 87' lang='lat' dir='ltr'>quas</span> 
     </span>
     <span class='ocr_line' id='line_1_7' title="bbox 197 519 1457 574; baseline 0.003 -16"><span class='ocrx_word' id='word_1_36' title='bbox 197 525 508 570; x_wconf 85' lang='lat' dir='ltr'>repraesentare</span> <span class='ocrx_word' id='word_1_37' title='bbox 531 519 748 568; x_wconf 83' lang='lat' dir='ltr'>volebant,</span> <span class='ocrx_word' id='word_1_38' title='bbox 772 519 846 559; x_wconf 94' lang='lat' dir='ltr'>sed</span> <span class='ocrx_word' id='word_1_39' title='bbox 870 520 980 561; x_wconf 90' lang='lat' dir='ltr'>sicut</span> <span class='ocrx_word' id='word_1_40' title='bbox 1003 520 1213 570; x_wconf 86' lang='lat' dir='ltr'>Insanias,</span> <span class='ocrx_word' id='word_1_41' title='bbox 1232 522 1457 574; x_wconf 88' lang='lat' dir='ltr'>perspicue</span> 
     </span>
     <span class='ocr_line' id='line_1_8' title="bbox 196 587 617 641; baseline 0.002 -14"><span class='ocrx_word' id='word_1_42' title='bbox 196 587 617 641; x_wconf 82' lang='lat' dir='ltr'>contemplabamur.</span> 
     </span>
    </p>

    <p class='ocr_par' dir='ltr' id='par_1_4' title="bbox 193 656 1456 2354">
     <span class='ocr_line' id='line_1_9' title="bbox 253 656 1456 710; baseline 0.002 -13"><span class='ocrx_word' id='word_1_43' title='bbox 253 657 319 708; x_wconf 89' lang='lat'>67.</span> <span class='ocrx_word' id='word_1_44' title='bbox 352 656 464 697; x_wconf 86' lang='lat' dir='ltr'>Cum</span> <span class='ocrx_word' id='word_1_45' title='bbox 487 657 634 710; x_wconf 85' lang='lat' dir='ltr'>itaque</span> <span class='ocrx_word' id='word_1_46' title='bbox 657 657 852 710; x_wconf 89' lang='lat' dir='ltr'>Corpora</span> <span class='ocrx_word' id='word_1_47' title='bbox 874 664 1021 699; x_wconf 89' lang='lat' dir='ltr'>nostra</span> <span class='ocrx_word' id='word_1_48' title='bbox 1043 659 1130 699; x_wconf 86' lang='lat' dir='ltr'>sint</span> <span class='ocrx_word' id='word_1_49' title='bbox 1155 659 1289 699; x_wconf 92' lang='lat' dir='ltr'>modo</span> <span class='ocrx_word' id='word_1_50' title='bbox 1318 658 1456 699; x_wconf 80' lang='lat' dir='ltr'>thecae</span> 
     </span>
     <span class='ocr_line' id='line_1_10' title="bbox 197 726 1455 778; baseline 0.002 -13"><span class='ocrx_word' id='word_1_51' title='bbox 197 738 247 765; x_wconf 89' lang='lat' dir='ltr'>ac</span> <span class='ocrx_word' id='word_1_52' title='bbox 283 726 537 778; x_wconf 81' lang='lat' dir='ltr'>recipientia</span> <span class='ocrx_word' id='word_1_53' title='bbox 572 726 701 775; x_wconf 79' lang='lat' dir='ltr'>Vitae,</span> <span class='ocrx_word' id='word_1_54' title='bbox 735 740 792 766; x_wconf 83' lang='lat' dir='ltr'>ex</span> <span class='ocrx_word' id='word_1_55' title='bbox 823 727 928 767; x_wconf 84' lang='lat' dir='ltr'>Vita</span> <span class='ocrx_word' id='word_1_56' title='bbox 959 734 1204 768; x_wconf 89' lang='lat' dir='ltr'>nostrarum</span> <span class='ocrx_word' id='word_1_57' title='bbox 1239 728 1455 768; x_wconf 89' lang='lat' dir='ltr'>Mentium</span> 
     </span>
     <span class='ocr_line' id='line_1_11' title="bbox 197 794 1454 848; baseline 0.002 -15"><span class='ocrx_word' id='word_1_58' title='bbox 197 794 454 843; x_wconf 88' lang='lat' dir='ltr'>intueamur,</span> <span class='ocrx_word' id='word_1_59' title='bbox 477 795 581 847; x_wconf 88' lang='lat' dir='ltr'>quid</span> <span class='ocrx_word' id='word_1_60' title='bbox 605 796 791 848; x_wconf 86' lang='lat' dir='ltr'>ipsamet</span> <span class='ocrx_word' id='word_1_61' title='bbox 808 796 913 836; x_wconf 86' lang='lat' dir='ltr'>Vita</span> <span class='ocrx_word' id='word_1_62' title='bbox 934 796 1001 846; x_wconf 88' lang='lat' dir='ltr'>sit,</span> <span class='ocrx_word' id='word_1_63' title='bbox 1018 810 1150 848; x_wconf 90' lang='lat' dir='ltr'>quam</span> <span class='ocrx_word' id='word_1_64' title='bbox 1171 797 1380 836; x_wconf 90' lang='lat' dir='ltr'>vivimus:</span> <span class='ocrx_word' id='word_1_65' title='bbox 1410 796 1454 836; x_wconf 89' lang='lat' dir='ltr'>id</span> 
     </span>
     <span class='ocr_line' id='line_1_12' title="bbox 195 862 1455 916; baseline 0.002 -14"><span class='ocrx_word' id='word_1_66' title='bbox 195 875 370 915; x_wconf 89' lang='lat' dir='ltr'>quoque</span> <span class='ocrx_word' id='word_1_67' title='bbox 384 862 620 903; x_wconf 79' lang='lat' dir='ltr'>doceamur</span> <span class='ocrx_word' id='word_1_68' title='bbox 636 877 661 903; x_wconf 89' lang='lat' dir='ltr'>a</span> <span class='ocrx_word' id='word_1_69' title='bbox 680 864 859 913; x_wconf 76' lang='lat' dir='ltr'>Natura,</span> <span class='ocrx_word' id='word_1_70' title='bbox 874 877 972 916; x_wconf 83' lang='lat' dir='ltr'>quae</span> <span class='ocrx_word' id='word_1_71' title='bbox 990 878 1124 905; x_wconf 92' lang='lat' dir='ltr'>unum</span> <span class='ocrx_word' id='word_1_72' title='bbox 1144 863 1182 904; x_wconf 84' lang='lat'>&amp;</span> <span class='ocrx_word' id='word_1_73' title='bbox 1201 865 1329 913; x_wconf 91' lang='lat' dir='ltr'>idem,</span> <span class='ocrx_word' id='word_1_74' title='bbox 1344 865 1455 905; x_wconf 89' lang='lat' dir='ltr'>sicut</span> 
     </span>
     <span class='ocr_line' id='line_1_13' title="bbox 196 931 1456 986; baseline 0.002 -15"><span class='ocrx_word' id='word_1_75' title='bbox 196 931 361 971; x_wconf 84' lang='lat' dir='ltr'>dictum</span> <span class='ocrx_word' id='word_1_76' title='bbox 399 938 477 981; x_wconf 91' lang='lat' dir='ltr'>est,</span> <span class='ocrx_word' id='word_1_77' title='bbox 510 946 609 971; x_wconf 92' lang='lat' dir='ltr'>cum</span> <span class='ocrx_word' id='word_1_78' title='bbox 644 932 750 972; x_wconf 90' lang='lat' dir='ltr'>Vita</span> <span class='ocrx_word' id='word_1_79' title='bbox 787 932 901 981; x_wconf 89' lang='lat' dir='ltr'>facit,</span> <span class='ocrx_word' id='word_1_80' title='bbox 936 932 974 973; x_wconf 68' lang='lat'>81</span> <span class='ocrx_word' id='word_1_81' title='bbox 1010 933 1071 973; x_wconf 87' lang='lat' dir='ltr'>sic</span> <span class='ocrx_word' id='word_1_82' title='bbox 1106 933 1456 986; x_wconf 81' lang='lat' dir='ltr'>contemplemur</span> 
     </span>
     <span class='ocr_line' id='line_1_14' title="bbox 196 999 1453 1053; baseline 0.002 -14"><span class='ocrx_word' id='word_1_83' title='bbox 196 999 340 1040; x_wconf 89' lang='lat' dir='ltr'>ideam</span> <span class='ocrx_word' id='word_1_84' title='bbox 364 1001 406 1040; x_wconf 89' lang='lat' dir='ltr'>in</span> <span class='ocrx_word' id='word_1_85' title='bbox 429 1014 507 1040; x_wconf 86' lang='lat' dir='ltr'>suo</span> <span class='ocrx_word' id='word_1_86' title='bbox 529 1007 663 1053; x_wconf 86' lang='lat' dir='ltr'>typo:</span> <span class='ocrx_word' id='word_1_87' title='bbox 713 1001 878 1041; x_wconf 86' lang='lat' dir='ltr'>Verum</span> <span class='ocrx_word' id='word_1_88' title='bbox 900 1007 946 1042; x_wconf 90' lang='lat' dir='ltr'>ut</span> <span class='ocrx_word' id='word_1_89' title='bbox 975 1002 1164 1042; x_wconf 88' lang='lat' dir='ltr'>rationes</span> <span class='ocrx_word' id='word_1_90' title='bbox 1193 1001 1453 1051; x_wconf 83' lang='lat' dir='ltr'>cohaereant,</span> 
     </span>
     <span class='ocr_line' id='line_1_15' title="bbox 197 1068 1454 1123; baseline 0.002 -15"><span class='ocrx_word' id='word_1_91' title='bbox 197 1068 235 1108; x_wconf 87' lang='lat'>&amp;</span> <span class='ocrx_word' id='word_1_92' title='bbox 257 1069 487 1109; x_wconf 86' lang='lat' dir='ltr'>veritatem</span> <span class='ocrx_word' id='word_1_93' title='bbox 514 1083 571 1109; x_wconf 81' lang='lat' dir='ltr'>ex</span> <span class='ocrx_word' id='word_1_94' title='bbox 599 1071 676 1109; x_wconf 72' lang='lat' dir='ltr'>sua</span> <span class='ocrx_word' id='word_1_95' title='bbox 704 1069 798 1110; x_wconf 91' lang='lat' dir='ltr'>luce</span> <span class='ocrx_word' id='word_1_96' title='bbox 826 1076 1038 1119; x_wconf 87' lang='lat' dir='ltr'>tueamur,</span> <span class='ocrx_word' id='word_1_97' title='bbox 1060 1077 1212 1111; x_wconf 86' lang='lat' dir='ltr'>evocet</span> <span class='ocrx_word' id='word_1_98' title='bbox 1236 1070 1329 1122; x_wconf 89' lang='lat' dir='ltr'>jam</span> <span class='ocrx_word' id='word_1_99' title='bbox 1359 1072 1454 1123; x_wconf 88' lang='lat' dir='ltr'>ipsa</span> 
     </span>
     <span class='ocr_line' id='line_1_16' title="bbox 196 1137 1454 1191; baseline 0.001 -13"><span class='ocrx_word' id='word_1_100' title='bbox 196 1137 303 1178; x_wconf 86' lang='lat' dir='ltr'>Vita</span> <span class='ocrx_word' id='word_1_101' title='bbox 334 1138 478 1188; x_wconf 84' lang='lat' dir='ltr'>ideas;</span> <span class='ocrx_word' id='word_1_102' title='bbox 524 1151 602 1179; x_wconf 90' lang='lat' dir='ltr'>nec</span> <span class='ocrx_word' id='word_1_103' title='bbox 634 1139 744 1178; x_wconf 89' lang='lat' dir='ltr'>sicut</span> <span class='ocrx_word' id='word_1_104' title='bbox 776 1152 921 1191; x_wconf 86' lang='lat' dir='ltr'>nuper,</span> <span class='ocrx_word' id='word_1_105' title='bbox 955 1152 1033 1178; x_wconf 91' lang='lat' dir='ltr'>nos</span> <span class='ocrx_word' id='word_1_106' title='bbox 1063 1139 1309 1191; x_wconf 80' lang='lat' dir='ltr'>pandamus</span> <span class='ocrx_word' id='word_1_107' title='bbox 1340 1139 1454 1179; x_wconf 88' lang='lat' dir='ltr'>fores</span> 
     </span>
     <span class='ocr_line' id='line_1_17' title="bbox 196 1205 1453 1260; baseline 0.002 -15"><span class='ocrx_word' id='word_1_108' title='bbox 196 1205 352 1246; x_wconf 85' lang='lat' dir='ltr'>Vernis</span> <span class='ocrx_word' id='word_1_109' title='bbox 383 1206 551 1255; x_wconf 83' lang='lat' dir='ltr'>nostris,</span> <span class='ocrx_word' id='word_1_110' title='bbox 575 1212 623 1246; x_wconf 91' lang='lat' dir='ltr'>ut</span> <span class='ocrx_word' id='word_1_111' title='bbox 651 1207 756 1259; x_wconf 71' lang='lat' dir='ltr'>ipsae</span> <span class='ocrx_word' id='word_1_112' title='bbox 783 1208 861 1246; x_wconf 72' lang='lat' dir='ltr'>sua</span> <span class='ocrx_word' id='word_1_113' title='bbox 889 1213 1046 1260; x_wconf 89' lang='lat' dir='ltr'>sponte</span> <span class='ocrx_word' id='word_1_114' title='bbox 1075 1208 1344 1260; x_wconf 88' lang='lat' dir='ltr'>irrumpant;</span> <span class='ocrx_word' id='word_1_115' title='bbox 1377 1209 1453 1248; x_wconf 91' lang='lat' dir='ltr'>sed</span> 
     </span>
     <span class='ocr_line' id='line_1_18' title="bbox 196 1273 1452 1328; baseline 0.002 -15"><span class='ocrx_word' id='word_1_116' title='bbox 196 1273 410 1315; x_wconf 80' lang='lat' dir='ltr'>dictemus</span> <span class='ocrx_word' id='word_1_117' title='bbox 434 1275 536 1328; x_wconf 90' lang='lat' dir='ltr'>ipsis</span> <span class='ocrx_word' id='word_1_118' title='bbox 560 1275 771 1316; x_wconf 90' lang='lat' dir='ltr'>Ordinem</span> <span class='ocrx_word' id='word_1_119' title='bbox 795 1276 939 1324; x_wconf 88' lang='lat' dir='ltr'>istum,</span> <span class='ocrx_word' id='word_1_120' title='bbox 962 1289 1013 1315; x_wconf 90' lang='lat' dir='ltr'>ac</span> <span class='ocrx_word' id='word_1_121' title='bbox 1036 1289 1137 1315; x_wconf 91' lang='lat' dir='ltr'>eum</span> <span class='ocrx_word' id='word_1_122' title='bbox 1167 1282 1214 1316; x_wconf 91' lang='lat' dir='ltr'>ut</span> <span class='ocrx_word' id='word_1_123' title='bbox 1242 1282 1452 1316; x_wconf 83' lang='lat' dir='ltr'>aeternam</span> 
     </span>
     <span class='ocr_line' id='line_1_19' title="bbox 195 1343 1451 1396; baseline 0 -12"><span class='ocrx_word' id='word_1_124' title='bbox 195 1344 441 1384; x_wconf 84' lang='lat' dir='ltr'>sanciamus</span> <span class='ocrx_word' id='word_1_125' title='bbox 456 1344 608 1396; x_wconf 82' lang='lat' dir='ltr'>legem,</span> <span class='ocrx_word' id='word_1_126' title='bbox 619 1343 858 1384; x_wconf 90' lang='lat' dir='ltr'>secundum</span> <span class='ocrx_word' id='word_1_127' title='bbox 874 1357 1005 1396; x_wconf 87' lang='lat' dir='ltr'>quam</span> <span class='ocrx_word' id='word_1_128' title='bbox 1020 1344 1062 1384; x_wconf 92' lang='lat' dir='ltr'>in</span> <span class='ocrx_word' id='word_1_129' title='bbox 1076 1357 1241 1384; x_wconf 90' lang='lat' dir='ltr'>sacram</span> <span class='ocrx_word' id='word_1_130' title='bbox 1258 1351 1451 1385; x_wconf 90' lang='lat' dir='ltr'>nostram</span> 
     </span>
     <span class='ocr_line' id='line_1_20' title="bbox 195 1411 1452 1461; baseline 0.001 -9"><span class='ocrx_word' id='word_1_131' title='bbox 195 1412 349 1461; x_wconf 83' lang='lat' dir='ltr'>aedem,</span> <span class='ocrx_word' id='word_1_132' title='bbox 370 1426 428 1453; x_wconf 83' lang='lat' dir='ltr'>ex</span> <span class='ocrx_word' id='word_1_133' title='bbox 462 1413 549 1452; x_wconf 89' lang='lat' dir='ltr'>suis</span> <span class='ocrx_word' id='word_1_134' title='bbox 577 1412 852 1453; x_wconf 84' lang='lat' dir='ltr'>domunculis</span> <span class='ocrx_word' id='word_1_135' title='bbox 885 1411 923 1452; x_wconf 66' lang='grc' dir='ltr'>ἃ</span> <span class='ocrx_word' id='word_1_136' title='bbox 955 1412 1076 1461; x_wconf 89' lang='lat' dir='ltr'>casis,</span> <span class='ocrx_word' id='word_1_137' title='bbox 1099 1412 1389 1461; x_wconf 87' lang='lat' dir='ltr'>conformiter,</span> <span class='ocrx_word' id='word_1_138' title='bbox 1414 1413 1452 1453; x_wconf 63' lang='grc' dir='ltr'>ἃ</span> 
     </span>
     <span class='ocr_line' id='line_1_21' title="bbox 194 1480 1452 1534; baseline 0 -13"><span class='ocrx_word' id='word_1_139' title='bbox 194 1481 254 1522; x_wconf 89' lang='lat' dir='ltr'>sic</span> <span class='ocrx_word' id='word_1_140' title='bbox 289 1481 536 1530; x_wconf 83' lang='lat' dir='ltr'>uniformes,</span> <span class='ocrx_word' id='word_1_141' title='bbox 570 1487 743 1522; x_wconf 82' lang='lat' dir='ltr'>exeant.</span> <span class='ocrx_word' id='word_1_142' title='bbox 806 1480 949 1533; x_wconf 86' lang='lat' dir='ltr'>Supra</span> <span class='ocrx_word' id='word_1_143' title='bbox 984 1481 1100 1521; x_wconf 90' lang='lat' dir='ltr'>enim</span> <span class='ocrx_word' id='word_1_144' title='bbox 1135 1481 1452 1534; x_wconf 85' lang='lat' dir='ltr'>perspeximus,</span> 
     </span>
     <span class='ocr_line' id='line_1_22' title="bbox 193 1549 1450 1602; baseline -0.001 -12"><span class='ocrx_word' id='word_1_145' title='bbox 193 1550 312 1602; x_wconf 91' lang='lat' dir='ltr'>quod</span> <span class='ocrx_word' id='word_1_146' title='bbox 346 1550 519 1590; x_wconf 89' lang='lat' dir='ltr'>Mentes</span> <span class='ocrx_word' id='word_1_147' title='bbox 551 1556 709 1590; x_wconf 82' lang='lat' dir='ltr'>nostrae</span> <span class='ocrx_word' id='word_1_148' title='bbox 740 1549 931 1602; x_wconf 86' lang='lat' dir='ltr'>aliquem</span> <span class='ocrx_word' id='word_1_149' title='bbox 961 1549 1149 1589; x_wconf 88' lang='lat' dir='ltr'>referant</span> <span class='ocrx_word' id='word_1_150' title='bbox 1183 1549 1450 1598; x_wconf 86' lang='lat' dir='ltr'>Paradisum,</span> 
     </span>
     <span class='ocr_line' id='line_1_23' title="bbox 194 1612 1451 1670; baseline 0.001 -12"><span class='ocrx_word' id='word_1_151' title='bbox 194 1619 270 1659; x_wconf 87' lang='lat' dir='ltr'>sed</span> <span class='ocrx_word' id='word_1_152' title='bbox 302 1632 360 1658; x_wconf 85' lang='lat' dir='ltr'>ex</span> <span class='ocrx_word' id='word_1_153' title='bbox 392 1618 522 1659; x_wconf 89' lang='lat' dir='ltr'>radiis</span> <span class='ocrx_word' id='word_1_154' title='bbox 556 1618 670 1659; x_wconf 84' lang='lat' dir='ltr'>Solis</span> <span class='ocrx_word' id='word_1_155' title='bbox 701 1618 828 1667; x_wconf 83' lang='lat' dir='ltr'>Vitae,</span> <span class='ocrx_word' id='word_1_156' title='bbox 850 1631 924 1658; x_wconf 88' lang='lat' dir='ltr'>seu</span> <span class='ocrx_word' id='word_1_157' title='bbox 958 1618 1268 1670; x_wconf 85' lang='lat' dir='ltr'>Intelligentiae</span> <span class='ocrx_word' id='word_1_158' title='bbox 1301 1612 1351 1658; x_wconf 62' lang='grc' dir='ltr'><em>δῖ</em></span> <span class='ocrx_word' id='word_1_159' title='bbox 1373 1618 1451 1659; x_wconf 82' lang='lat' dir='ltr'>Sa-</span> 
     </span>
     <span class='ocr_line' id='line_1_24' title="bbox 194 1686 1450 1740; baseline 0 -13"><span class='ocrx_word' id='word_1_160' title='bbox 194 1688 381 1740; x_wconf 81' lang='lat' dir='ltr'>pientiae,</span> <span class='ocrx_word' id='word_1_161' title='bbox 405 1687 665 1737; x_wconf 87' lang='lat' dir='ltr'>formatun1;</span> <span class='ocrx_word' id='word_1_162' title='bbox 697 1700 831 1740; x_wconf 86' lang='lat' dir='ltr'>quare</span> <span class='ocrx_word' id='word_1_163' title='bbox 853 1686 909 1727; x_wconf 93' lang='lat' dir='ltr'>ob</span> <span class='ocrx_word' id='word_1_164' title='bbox 935 1687 1284 1727; x_wconf 87' lang='lat' dir='ltr'>convenientiam</span> <span class='ocrx_word' id='word_1_165' title='bbox 1315 1701 1450 1727; x_wconf 91' lang='lat' dir='ltr'>unum</span> 
     </span>
     <span class='ocr_line' id='line_1_25' title="bbox 193 1754 1450 1808; baseline 0 -13"><span class='ocrx_word' id='word_1_166' title='bbox 193 1755 544 1808; x_wconf 90' lang='lat' dir='ltr'>contemplemur</span> <span class='ocrx_word' id='word_1_167' title='bbox 579 1769 636 1795; x_wconf 82' lang='lat' dir='ltr'>ex</span> <span class='ocrx_word' id='word_1_168' title='bbox 674 1755 824 1794; x_wconf 89' lang='lat' dir='ltr'>altero.</span> <span class='ocrx_word' id='word_1_169' title='bbox 898 1754 949 1794; x_wconf 93' lang='lat' dir='ltr'>Id</span> <span class='ocrx_word' id='word_1_170' title='bbox 987 1755 1221 1807; x_wconf 89' lang='lat' dir='ltr'>unicuique</span> <span class='ocrx_word' id='word_1_171' title='bbox 1254 1761 1450 1795; x_wconf 87' lang='lat' dir='ltr'>nostrum</span> 
     </span>
     <span class='ocr_line' id='line_1_26' title="bbox 193 1822 1451 1876; baseline -0.001 -13"><span class='ocrx_word' id='word_1_172' title='bbox 193 1823 299 1864; x_wconf 87' lang='lat' dir='ltr'>satis</span> <span class='ocrx_word' id='word_1_173' title='bbox 312 1829 496 1872; x_wconf 88' lang='lat' dir='ltr'>constat,</span> <span class='ocrx_word' id='word_1_174' title='bbox 505 1824 623 1876; x_wconf 87' lang='lat' dir='ltr'>quod</span> <span class='ocrx_word' id='word_1_175' title='bbox 640 1823 833 1863; x_wconf 87' lang='lat' dir='ltr'>Paradisi</span> <span class='ocrx_word' id='word_1_176' title='bbox 849 1823 984 1862; x_wconf 89' lang='lat' dir='ltr'>nostri</span> <span class='ocrx_word' id='word_1_177' title='bbox 999 1822 1232 1863; x_wconf 86' lang='lat' dir='ltr'>Terrestris</span> <span class='ocrx_word' id='word_1_178' title='bbox 1250 1823 1451 1863; x_wconf 89' lang='lat' dir='ltr'>Pomaria</span> 
     </span>
     <span class='ocr_line' id='line_1_27' title="bbox 194 1891 1450 1945; baseline 0 -13"><span class='ocrx_word' id='word_1_179' title='bbox 194 1891 233 1932; x_wconf 74' lang='lat' dir='ltr'>Sc</span> <span class='ocrx_word' id='word_1_180' title='bbox 252 1893 427 1941; x_wconf 90' lang='lat' dir='ltr'>Roseta‚</span> <span class='ocrx_word' id='word_1_181' title='bbox 443 1892 609 1945; x_wconf 86' lang='lat' dir='ltr'>absque</span> <span class='ocrx_word' id='word_1_182' title='bbox 629 1891 784 1933; x_wconf 86' lang='lat' dir='ltr'>Calore</span> <span class='ocrx_word' id='word_1_183' title='bbox 801 1891 865 1931; x_wconf 88' lang='lat' dir='ltr'>sui</span> <span class='ocrx_word' id='word_1_184' title='bbox 884 1891 1070 1941; x_wconf 89' lang='lat' dir='ltr'>luminis,</span> <span class='ocrx_word' id='word_1_185' title='bbox 1085 1892 1195 1931; x_wconf 88' lang='lat' dir='ltr'>sicut</span> <span class='ocrx_word' id='word_1_186' title='bbox 1212 1891 1292 1931; x_wconf 92' lang='lat' dir='ltr'>sub</span> <span class='ocrx_word' id='word_1_187' title='bbox 1310 1892 1450 1932; x_wconf 89' lang='lat' dir='ltr'>sidere</span> 
     </span>
     <span class='ocr_line' id='line_1_28' title="bbox 193 1960 1449 2014; baseline 0 -13"><span class='ocrx_word' id='word_1_188' title='bbox 193 1960 400 2014; x_wconf 87' lang='lat' dir='ltr'>hyberno,</span> <span class='ocrx_word' id='word_1_189' title='bbox 424 1966 684 2013; x_wconf 86' lang='lat' dir='ltr'>torpescant,</span> <span class='ocrx_word' id='word_1_190' title='bbox 708 1973 857 2000; x_wconf 92' lang='lat' dir='ltr'>eorum</span> <span class='ocrx_word' id='word_1_191' title='bbox 883 1960 1086 2000; x_wconf 88' lang='lat' dir='ltr'>arborum</span> <span class='ocrx_word' id='word_1_192' title='bbox 1109 1960 1147 2000; x_wconf 84' lang='lat'>&amp;</span> <span class='ocrx_word' id='word_1_193' title='bbox 1169 1960 1324 2000; x_wconf 90' lang='lat' dir='ltr'>florum</span> <span class='ocrx_word' id='word_1_194' title='bbox 1345 1960 1449 2001; x_wconf 90' lang='lat' dir='ltr'>folia</span> 
     </span>
     <span class='ocr_line' id='line_1_29' title="bbox 194 2028 1449 2081; baseline 0.002 -12"><span class='ocrx_word' id='word_1_195' title='bbox 194 2028 441 2078; x_wconf 84' lang='lat' dir='ltr'>flavescant,</span> <span class='ocrx_word' id='word_1_196' title='bbox 455 2030 562 2069; x_wconf 90' lang='lat' dir='ltr'>rami</span> <span class='ocrx_word' id='word_1_197' title='bbox 577 2029 812 2069; x_wconf 90' lang='lat' dir='ltr'>honoribus</span> <span class='ocrx_word' id='word_1_198' title='bbox 827 2029 913 2079; x_wconf 88' lang='lat' dir='ltr'>suis</span> <span class='ocrx_word' id='word_1_199' title='bbox 929 2029 1156 2079; x_wconf 85' lang='lat' dir='ltr'>orbentur;</span> <span class='ocrx_word' id='word_1_200' title='bbox 1180 2028 1260 2081; x_wconf 87' lang='lat' dir='ltr'>ipsi</span> <span class='ocrx_word' id='word_1_201' title='bbox 1275 2028 1449 2070; x_wconf 48' lang='lat' dir='ltr'>frances</span> 
     </span>
     <span class='ocr_line' id='line_1_30' title="bbox 193 2096 1449 2151; baseline 0 -13"><span class='ocrx_word' id='word_1_202' title='bbox 193 2097 410 2147; x_wconf 89' lang='lat' dir='ltr'>decidant,</span> <span class='ocrx_word' id='word_1_203' title='bbox 431 2097 468 2138; x_wconf 86' lang='lat'>&amp;</span> <span class='ocrx_word' id='word_1_204' title='bbox 487 2097 591 2138; x_wconf 92' lang='lat' dir='ltr'>nihil</span> <span class='ocrx_word' id='word_1_205' title='bbox 610 2111 697 2138; x_wconf 90' lang='lat' dir='ltr'>non</span> <span class='ocrx_word' id='word_1_206' title='bbox 720 2097 762 2137; x_wconf 91' lang='lat' dir='ltr'>in</span> <span class='ocrx_word' id='word_1_207' title='bbox 786 2097 1007 2150; x_wconf 90' lang='lat' dir='ltr'>pulverem</span> <span class='ocrx_word' id='word_1_208' title='bbox 1031 2096 1249 2138; x_wconf 57' lang='lat' dir='ltr'>relapsam</span> <span class='ocrx_word' id='word_1_209' title='bbox 1273 2104 1449 2151; x_wconf 86' lang='lat' dir='ltr'>pereat:</span> 
     </span>
     <span class='ocr_line' id='line_1_31' title="bbox 197 2165 1447 2219; baseline 0.001 -14"><span class='ocrx_word' id='word_1_210' title='bbox 197 2165 308 2206; x_wconf 86' lang='lat' dir='ltr'>Mox</span> <span class='ocrx_word' id='word_1_211' title='bbox 339 2172 485 2207; x_wconf 88' lang='lat' dir='ltr'>autem</span> <span class='ocrx_word' id='word_1_212' title='bbox 522 2167 739 2214; x_wconf 90' lang='lat' dir='ltr'>redeunte,</span> <span class='ocrx_word' id='word_1_213' title='bbox 775 2180 874 2206; x_wconf 92' lang='lat' dir='ltr'>cum</span> <span class='ocrx_word' id='word_1_214' title='bbox 911 2179 1138 2206; x_wconf 66' lang='lat' dir='ltr'>suonovo</span> <span class='ocrx_word' id='word_1_215' title='bbox 1175 2168 1286 2219; x_wconf 84' lang='lat' dir='ltr'>igne,</span> <span class='ocrx_word' id='word_1_216' title='bbox 1322 2167 1447 2215; x_wconf 87' lang='lat' dir='ltr'>Vere,</span> 
     </span>
     <span class='ocr_line' id='line_1_32' title="bbox 194 2235 1447 2288; baseline 0.001 -14"><span class='ocrx_word' id='word_1_217' title='bbox 194 2235 342 2275; x_wconf 91' lang='lat' dir='ltr'>omnia</span> <span class='ocrx_word' id='word_1_218' title='bbox 356 2249 413 2275; x_wconf 84' lang='lat' dir='ltr'>ex</span> <span class='ocrx_word' id='word_1_219' title='bbox 426 2235 605 2276; x_wconf 90' lang='lat' dir='ltr'>tumulis</span> <span class='ocrx_word' id='word_1_220' title='bbox 620 2235 706 2276; x_wconf 90' lang='lat' dir='ltr'>suis</span> <span class='ocrx_word' id='word_1_221' title='bbox 720 2236 763 2275; x_wconf 91' lang='lat' dir='ltr'>in</span> <span class='ocrx_word' id='word_1_222' title='bbox 776 2236 912 2275; x_wconf 86' lang='lat' dir='ltr'>vitam</span> <span class='ocrx_word' id='word_1_223' title='bbox 926 2241 1167 2288; x_wconf 87' lang='lat' dir='ltr'>resurgunt,</span> <span class='ocrx_word' id='word_1_224' title='bbox 1179 2249 1228 2275; x_wconf 89' lang='lat' dir='ltr'>ac</span> <span class='ocrx_word' id='word_1_225' title='bbox 1244 2235 1447 2288; x_wconf 89' lang='lat' dir='ltr'>pristinas</span> 
     </span>
     <span class='ocr_line' id='line_1_33' title="bbox 194 2303 1445 2354; baseline 0 -11"><span class='ocrx_word' id='word_1_226' title='bbox 194 2316 293 2344; x_wconf 87' lang='lat' dir='ltr'>suas</span> <span class='ocrx_word' id='word_1_227' title='bbox 328 2309 492 2353; x_wconf 73' lang='lat' dir='ltr'>aetates,</span> <span class='ocrx_word' id='word_1_228' title='bbox 522 2317 580 2345; x_wconf 84' lang='lat' dir='ltr'>ex</span> <span class='ocrx_word' id='word_1_229' title='bbox 610 2303 696 2345; x_wconf 90' lang='lat' dir='ltr'>alio</span> <span class='ocrx_word' id='word_1_230' title='bbox 731 2304 910 2354; x_wconf 88' lang='lat' dir='ltr'>semine,</span> <span class='ocrx_word' id='word_1_231' title='bbox 947 2304 1025 2345; x_wconf 91' lang='lat' dir='ltr'>sed</span> <span class='ocrx_word' id='word_1_232' title='bbox 1061 2317 1118 2344; x_wconf 86' lang='lat' dir='ltr'>ex</span> <span class='ocrx_word' id='word_1_233' title='bbox 1155 2304 1308 2344; x_wconf 74' lang='lat' dir='ltr'>eadem</span> <span class='ocrx_word' id='word_1_234' title='bbox 1344 2303 1445 2353; x_wconf 75' lang='lat' dir='ltr'>vita,</span> 
     </span>
    </p>
   </div>
  </div>
 </body>
</html>
