1783 2760
431 162 509 197 DE
541 161 738 197 AMORE
770 159 1154 195 PRIMOGENJTJ.
1354 167 1416 204 157

224 271 287 314 74
322 261 410 303 Sed
432 262 538 301 scire
560 261 750 308 interest,
773 259 912 312 qualis
934 258 1038 299 Vita
1060 271 1207 298 earum
1237 264 1302 298 est
1330 271 1420 298 cre-

165 330 275 370 dunt
301 331 415 369 enim
443 343 488 369 se
515 329 675 368 claram
704 342 755 368 ac
783 327 1148 380 supracaelestem‚
1171 327 1209 367 &
1238 327 1421 367 credunt

165 411 243 438 nos
261 412 389 451 agere
405 398 645 445 obscuram,
665 396 702 436 81
721 409 868 436 earum
885 396 975 435 vita
993 395 1132 435 multo
1150 395 1394 435 inferiorem
1411 408 1421 444 ;

165 467 311 507 omnia
329 467 442 506 enim
461 479 517 506 ex
535 465 746 517 vertigine
763 464 846 504 ista
864 464 1030 503 inverse
1047 469 1266 516 spectant:
1289 476 1422 515 quare

165 548 252 575 non
289 535 466 575 reticere
498 533 641 582 velim,
675 533 777 586 quia
812 533 993 586 dignum
1030 532 1167 572 relatu
1204 538 1281 579 est,
1317 532 1422 584 quid

164 604 404 644 audiverim
428 603 465 642 &
487 602 696 649 viderim;
728 601 862 641 semel
889 601 1004 641 enim
1033 614 1179 640 comes
1208 601 1423 640 associata

165 672 226 712 fui
276 670 514 724 Sapientiis
557 670 827 718 Caelestibus‚
868 683 968 722 quae
1007 669 1239 721 aliquoties
1278 674 1422 709 totum

165 745 398 794 peragrant
436 738 613 787 Orbem,
646 744 694 779 ut
725 738 958 790 explorent
989 737 1138 777 turbas
1172 737 1209 777 &
1242 736 1424 777 rebelles

166 814 323 857 motus,
347 821 455 860 quos
485 813 698 860 tyrannus
729 806 801 846 ille
833 806 874 846 in
906 820 985 846 suo
1018 806 1187 846 Mundo
1219 806 1424 846 continue

163 876 392 926 fomentat,
410 876 448 916 ἃ
471 882 570 916 actu
594 875 834 915 exsuscitat
853 887 860 914 :
892 874 1115 927 quondam
1138 874 1252 914 enim
1276 875 1318 913 in
1340 874 1424 913 hoc

166 946 376 985 comitatu
414 943 745 984 offendebamus
775 956 952 996 gregem
984 942 1137 983 harum
1172 942 1426 995 Intelligen-

166 1016 337 1063 tiarunr,
355 1028 452 1067 quae
470 1013 658 1054 candida
677 1012 714 1053 δε
737 1013 899 1053 caelesti
918 1013 1082 1052 indutae
1104 1019 1236 1060 veste,
1254 1012 1296 1052 in
1319 1011 1426 1060 foro,

167 1089 332 1123 ansatae
365 1096 414 1122 ac
451 1083 672 1130 animosae,
708 1081 1006 1130 ambulabant,
1042 1080 1080 1121 &
1117 1095 1215 1133 quae
1247 1081 1364 1133 prius
1401 1094 1426 1120 a

167 1151 362 1204 partibus
382 1150 561 1190 Amoris
584 1151 718 1190 nostri
740 1156 961 1199 steterant,
980 1151 1055 1190 sed
1077 1149 1358 1202 postmodum
1382 1149 1426 1188 in

168 1232 395 1260 numerum
418 1219 733 1272 stipendiorum
757 1218 932 1258 alterius
955 1218 1143 1258 cohortis
1165 1232 1210 1257 se
1238 1218 1425 1258 adscribi

166 1301 307 1341 passae
330 1293 456 1335 sunt;
509 1287 717 1328 Caelestes
741 1300 813 1326 eas
835 1293 994 1326 vocant
1022 1300 1122 1326 suas
1149 1287 1324 1334 amicas,
1348 1299 1426 1325 nos

168 1363 316 1397 autem
339 1370 438 1396 suas
461 1369 637 1396 sorores.
687 1355 799 1396 Cum
824 1355 949 1395 Divae
975 1355 1213 1408 Sapientiae
1236 1355 1330 1394 illas
1355 1355 1428 1394 In-

168 1425 433 1478 telligentias
473 1425 642 1464 eminus
683 1414 1142 1477 conspicatae'essent,
1178 1425 1428 1478 anticipatis

168 1507 246 1547 per
275 1493 536 1546 compendia
564 1493 654 1542 viis,
681 1498 728 1533 ut
760 1493 843 1532 illis
875 1491 1049 1533 obviam
1082 1493 1347 1541 sisterentur,
1371 1492 1427 1532 ad

169 1563 277 1611 illas,
297 1562 438 1602 amico
466 1561 600 1611 vultu,
628 1575 682 1602 ne
713 1561 823 1602 sorte
852 1561 1119 1614 aufugerent,
1148 1561 1427 1617 accedebant,

169 1637 489 1684 percontanteS,
525 1631 640 1670 unde
681 1636 772 1670 tam
813 1630 941 1670 cultae
980 1631 1200 1681 venirent;
1246 1630 1329 1670 illae
1371 1631 1427 1670 ad

169 1700 358 1753 primum
389 1704 615 1752 aspectum
638 1699 804 1752 pudore
826 1698 974 1739 oculos
997 1699 1228 1752 dejiciente
1250 1699 1428 1752 quidem

171 1831 445 1874 obscuritatem,
465 1830 497 1864 δι
514 1831 634 1864 varias
656 1831 741 1864 inde
764 1831 938 1865 oriundas
962 1831 1198 1866 difficultates
1222 1843 1266 1866 ac
1290 1833 1428 1877 turbaS,

171 1897 235 1931 per
267 1887 394 1931 Aquas
428 1886 682 1920 turbulentas:
726 1886 977 1929 Cogitationes
1011 1898 1076 1931 per
1109 1887 1243 1921 diversi
1272 1888 1429 1932 generis,

171 1941 305 1976 coloris
335 1952 378 1976 ac
407 1941 702 1986 pulchritudinis,
727 1941 838 1983 Aves,
865 1941 963 1975 unde
990 1943 1230 1977 Parnassides
1257 1944 1365 1978 toties
1392 1944 1430 1977 in

171 1997 349 2040 volucres,
377 2008 420 2031 ac
450 1996 625 2040 vicissim,
652 2002 804 2030 mutatae
835 1997 1029 2038 dicuntur3
1064 1998 1150 2033 inde
1176 1999 1288 2032 etiam
1318 1999 1431 2033 deno-

172 2051 322 2086 minatae
340 2058 424 2085 sunt
444 2051 608 2085 Pierides
628 2064 634 2086 :
660 2058 699 2085 ut
717 2051 821 2095 plura
845 2051 1070 2095 ejuscemodi
1094 2053 1168 2087 alia
1190 2060 1406 2098 praeteream
1423 2066 1429 2087 :

171 2116 216 2140 ex
239 2107 371 2151 quibus
392 2106 536 2140 haurire
559 2106 655 2147 licet,
674 2106 774 2150 quod
798 2107 973 2140 Veterum
996 2107 1132 2142 fabulae
1160 2119 1270 2143 merae
1298 2109 1432 2143 fuerint

172 2162 516 2205 repraesentationes
550 2173 572 2194 a
607 2161 706 2195 Caelo
740 2161 905 2203 haustae3
955 2163 1109 2206 proinde
1146 2164 1246 2208 quod
1286 2164 1431 2198 illorum

176 2216 320 2250 Mentes
348 2215 447 2250 Caelo
473 2216 765 2260 propinquiores,
792 2226 903 2259 quam
929 2223 1077 2259 nostrae,
1103 2217 1246 2260 suerint,
1272 2229 1355 2262 quae
1386 2229 1432 2252 ne

173 2269 323 2314 quidem
346 2271 476 2313 sciunt,
495 2271 594 2315 quod
618 2271 710 2304 tales
736 2271 1097 2315 Repraesentationes
1121 2273 1290 2315 existant,
1309 2273 1432 2307 minus

175 2325 275 2369 quod
294 2325 427 2359 similia
445 2325 661 2370 significent.
