1835 2672
338 145 402 178 124
529 137 713 172 CAPUT
741 138 1062 185 SECUNDUM,
1095 141 1292 177 SECTJO
1324 142 1399 177 III.

334 234 451 286 quod
476 235 622 275 Mater
643 242 802 287 nostra,
830 237 1116 292 Imaginibus,
1139 253 1195 280 ex
1221 239 1336 281 Solis
1363 240 1528 281 lumine
1559 239 1597 282 8ζ

334 303 489 344 umbra
529 304 762 357 productis,
800 320 850 347 ac
886 309 1171 360 postmodum
1206 309 1249 348 in
1289 309 1418 350 Ideas
1453 311 1598 361 versis,

331 372 480 421 vitam,
505 386 561 413 ex
584 375 766 423 suamet,
791 389 924 428 quam
948 390 1004 416 ex
1035 377 1142 417 caelo
1171 377 1327 428 haurit,
1352 379 1464 419 sicut
1491 379 1597 428 dixi,

332 482 569 527 perspicuum
594 490 661 526 est,
687 483 787 528 quod
816 483 886 518 hoc
914 484 1112 528 Spirituale
1138 496 1212 518 non
1239 485 1275 519 in
1305 486 1487 520 Memoria
1512 498 1599 521 con—

333 538 500 582 cipiatur,
519 538 551 572 &
568 539 616 573 ab
634 538 678 573 ea
695 539 919 582 excludatur,
938 551 1025 574 narn
1044 540 1115 574 nisi
1134 541 1223 574 dum
1242 541 1342 586 prius
1368 542 1403 575 in
1431 542 1599 577 Intellec-

333 594 450 628 tuales
485 606 507 628 a
542 595 670 629 Mente
702 594 975 629 transformatae
1004 595 1150 639 fuerint,
1180 596 1216 630 in
1250 597 1442 632 Memoriae
1471 609 1599 632 recon-

334 649 518 692 ditorium,
537 661 613 683 non
631 651 866 685 remittuntur
882 662 888 684 ε
916 651 1165 696 perliquidum
1183 653 1296 686 etiam
1315 659 1380 696 est,
1399 653 1498 698 quod
1517 653 1599 698 ipsa

334 712 461 739 nostra
493 706 613 749 Mens,
639 717 714 740 non
743 717 787 740 ex
817 717 857 740 se
888 706 1097 751 Spiritualis
1123 714 1211 742 nata
1237 708 1294 751 sit,
1320 720 1408 742 nam
1432 715 1600 754 tempore

334 771 410 794 suae
445 761 610 795 infantiae
643 761 744 795 nulla
777 767 845 804 est,
871 761 937 796 sed
968 773 1052 796 curn
1082 763 1189 796 annis
1216 763 1248 797 ἃ
1274 770 1384 798 aetate
1408 765 1539 799 crescit
1565 765 1598 800 &

333 816 537 857 adolescit;
564 816 695 850 exhinc
716 816 796 861 jam
823 817 996 861 sequitur,
1015 818 1116 861 quod
1139 818 1244 862 origo
1270 819 1348 863 ejus
1375 830 1450 853 non
1477 819 1514 853 in
1540 820 1598 855 his

333 871 473 906 semitis
492 879 553 906 aut
568 872 659 906 vicis
678 872 896 917 inquirenda
914 873 973 916 sit,
985 873 1050 908 sed
1068 874 1167 918 quod
1181 874 1277 908 intra
1295 881 1358 909 aut
1376 886 1487 920 supra
1501 876 1598 911 hanc

335 927 512 969 Mentem,
532 938 614 972 quae
634 928 840 962 Rationalis
858 935 921 962 aut
942 929 1205 963 Intellectualis
1224 930 1368 974 dicitur,
1382 931 1599 966 enitendum

332 982 389 1026 sit,
408 982 441 1016 δι
460 982 508 1017 ibi
526 983 825 1027 perquirendum,
843 983 994 1017 ubinam
1016 984 1048 1018 &
1073 984 1261 1019 undenam
1288 986 1486 1030 Spirituale
1509 986 1599 1021 illud

330 1049 414 1072 cum
448 1039 522 1072 suis
553 1039 687 1073 finibus
717 1039 933 1080 descendit3
968 1051 1083 1084 quum
1116 1040 1242 1086 itaque
1271 1041 1462 1086 paululum
1486 1053 1598 1087 supra

334 1093 430 1128 hanc
461 1094 659 1139 sphaeram,
689 1106 772 1140 quae
806 1101 934 1129 nostra
970 1096 1216 1140 intelligibilis
1246 1103 1313 1139 est,
1344 1097 1528 1141 enitimur,
1559 1109 1600 1133 se

334 1149 442 1183 nobis
472 1149 577 1184 offert
606 1150 726 1194 prima
756 1156 818 1185 aut
852 1161 1024 1195 suprema
1060 1152 1233 1196 Corporis
1268 1152 1487 1196 substantia,
1516 1163 1600 1198 quae

333 1204 471 1238 Anima
489 1205 631 1249 dicitur,
646 1216 729 1250 quae
747 1216 821 1239 non
841 1206 960 1239 solum
975 1213 1029 1240 est
1048 1207 1184 1240 Anima
1205 1207 1389 1251 Corporis,
1403 1208 1466 1242 sed
1487 1208 1599 1243 etiam

334 1259 470 1293 Anima
496 1260 610 1305 ipsius
636 1260 744 1305 hujus
773 1261 923 1304 Mentis,
950 1261 997 1295 ad
1023 1273 1146 1306 quam,
1172 1268 1211 1296 ut
1237 1262 1377 1297 dictum
1403 1270 1469 1307 est,
1499 1263 1599 1299 Ideae

333 1322 471 1350 nostrae
500 1315 729 1350 ascendunt:
765 1316 873 1360 hujus
904 1317 1122 1351 substantiae
1152 1317 1313 1352 essentia
1340 1318 1372 1352 &
1398 1318 1518 1353 forma
1543 1325 1599 1354 est

334 1371 545 1415 spiritualis,
572 1382 655 1416 quae
681 1371 717 1405 in
744 1372 915 1406 universo
942 1383 1008 1406 suo
1037 1373 1199 1417 Corpore
1225 1373 1333 1407 unice
1357 1373 1457 1418 vivit,
1476 1374 1509 1408 &
1534 1385 1600 1419 per

333 1437 457 1471 quam,
483 1426 575 1460 nihil
600 1437 687 1469 non,
713 1427 813 1471 quod
840 1427 1013 1471 Corporis
1040 1434 1107 1470 est,
1132 1428 1246 1462 vitam
1272 1439 1388 1472 suam,
1407 1429 1598 1474 quodlibet

333 1482 536 1516 secundum
563 1492 667 1515 suam
695 1482 862 1525 formam,
890 1482 990 1526 agit:
1023 1493 1097 1527 qua
1121 1483 1264 1517 ratione
1290 1483 1352 1517 illa
1377 1484 1449 1518 dici
1476 1490 1598 1529 potest

333 1537 452 1571 forma
469 1537 669 1571 formarum
688 1537 742 1570 sui
763 1537 958 1582 Corporis:
1003 1538 1097 1571 Cum
1124 1537 1247 1582 itaque
1272 1538 1351 1572 haec
1379 1539 1598 1581 substantia,

333 1592 435 1636 cujus
469 1592 631 1626 essentia
663 1598 719 1626 est
753 1592 965 1637 spiritualis,
996 1603 1059 1626 seu
1092 1593 1239 1635 Anima,
1271 1593 1307 1626 in
1341 1594 1522 1638 supremis
1552 1605 1596 1629 ac

284 1639 287 1642 Α
333 1646 472 1681 intimis
497 1647 551 1680 sui
577 1647 696 1690 Regni
722 1647 868 1689 residet,
887 1647 1061 1692 sequitur,
1081 1648 1180 1692 quod
1205 1659 1270 1692 per
1290 1649 1399 1691 hanc,
1418 1656 1597 1694 tanquam

333 1702 380 1735 ab
399 1702 480 1745 hac,
498 1702 626 1737 influat
646 1703 843 1747 Spirituale
861 1703 962 1746 illud,
981 1703 1081 1747 quod
1104 1704 1286 1747 Naturali,
1304 1715 1370 1749 per
1392 1705 1491 1738 viam
1516 1716 1597 1740 sen—

334 1768 450 1800 suum,
482 1757 659 1801 illabenti,
691 1758 859 1802 occurrit,
890 1769 933 1792 ac
962 1758 1060 1793 idem
1095 1759 1269 1803 Corporis
1299 1759 1404 1804 quasi
1435 1760 1596 1805 hospitio

333 1813 477 1856 excipit,
497 1813 528 1847 ὃς
547 1813 580 1846 ei
603 1814 729 1847 oscula
745 1813 893 1858 jungit;
919 1814 1040 1859 ipsum
1065 1814 1135 1848 hoc
1161 1815 1362 1859 hospitium
1388 1826 1452 1849 seu
1479 1815 1597 1849 diver-

334 1868 472 1901 sorium
490 1875 546 1902 est
565 1869 679 1913 ipsius
698 1869 916 1904 intellectus.
968 1870 1025 1903 Ex
1045 1870 1102 1903 his
1122 1870 1200 1915 jam
1224 1876 1389 1915 apparet,
1407 1870 1596 1915 quomodo

333 1923 420 1957 bina
438 1923 499 1957 illa
521 1924 688 1967 Lumina,
709 1925 889 1959 Naturale
907 1925 1046 1960 scilicet
1065 1925 1097 1959 &
1121 1925 1330 1970 Spirituale,
1348 1936 1413 1970 per
1430 1926 1595 1960 diversas

332 1978 410 2012 vias
436 1978 602 2022 influunt,
631 1979 663 2013 &
689 1986 772 2023 post
800 1990 944 2013 sacram
971 1980 1153 2025 copulam,
1179 1987 1256 2014 tarn
1283 1980 1442 2014 illustres
1473 1981 1596 2015 conci-

332 2033 437 2078 piunt
454 2034 586 2078 proles,
605 2045 688 2078 quae
709 2035 864 2069 totidem
883 2041 967 2069 sunt
987 2035 1200 2069 intuitiones
1220 2035 1359 2078 finium,
1378 2035 1452 2069 suis
1472 2036 1594 2070 causis

332 2089 582 2123 mediantibus
597 2089 808 2125 adsociatae.
843 2091 916 2125 Sed
931 2090 1018 2134 scio,
1034 2091 1133 2136 quod
1149 2091 1241 2125 sicut
1256 2091 1386 2135 caligo,
1403 2091 1594 2126 Mentibus

332 2145 466 2179 nostris
485 2145 684 2189 obversari,
701 2146 855 2190 proinde
874 2147 1084 2191 scrupulum
1102 2146 1251 2191 injicere
1269 2153 1391 2191 queat,
1405 2147 1595 2191 quomodo

333 2200 401 2235 soli
434 2200 628 2234 Luminum
659 2201 752 2235 radii
783 2201 933 2236 effectus
963 2208 1039 2236 tarn
1069 2202 1185 2236 reales
1211 2202 1355 2246 possint
1379 2201 1595 2246 producere,

333 2267 416 2290 cum
434 2255 658 2290 radiationes
677 2256 757 2290 istae
775 2257 822 2291 ab
840 2257 994 2301 objectis
1013 2268 1088 2291 non
1110 2257 1181 2291 sint
1205 2257 1275 2290 nisi
1298 2256 1595 2292 modificationes

333 2311 511 2346 interfluae
528 2322 627 2346 aurae
643 2324 650 2353 3
677 2323 803 2346 verum
820 2312 879 2347 hic
900 2312 1091 2357 scrupulus
1109 2312 1217 2346 facile
1231 2312 1430 2356 evanescit,
1444 2312 1594 2358 quando
