1783 2760
463 135 541 168 DE
573 134 771 169 AMORE
803 135 1187 171 PRIMOGENJTI.
1395 145 1462 181 105

201 231 409 281 Gemmae,
426 232 585 284 quibus
606 233 852 285 praecinctae
876 239 997 273 erant
1015 234 1189 278 frontes.
1208 239 1308 274 sunt
1330 235 1462 274 etiam

153 305 157 308 “
201 301 387 354 insignia
411 302 525 341 Veri.
583 300 780 350 Corollae,
803 301 961 353 quibus
984 308 1136 342 mutuo
1158 302 1392 354 prehensis,
1417 316 1463 342 se

201 371 324 422 quasi
356 370 715 417 concatenabant,
747 376 869 410 erant
898 370 1082 418 vincula,
1110 384 1207 422 quae
1240 370 1463 423 colligant,

202 438 241 478 &
269 439 330 478 sic
359 438 620 478 concinnant
653 438 900 478 Veritatum
935 439 1105 479 formas.
1168 439 1464 480 Amaenitates

202 520 259 546 ex
283 507 377 559 ipso
401 507 538 555 Ludo,
563 520 637 546 seu
660 507 715 546 ab
740 507 968 547 harmonia
997 508 1158 554 formae,
1184 507 1463 560 profluentes,

200 580 302 614 sunt
325 575 591 614 Faustitates
613 581 690 614 aut
708 575 968 624 Felicitates,
987 576 1170 628 proinde
1187 589 1311 615 novae
1334 575 1464 615 Boni—

201 648 326 691 tates,
349 656 447 694 quae
475 643 575 682 inde
603 642 792 695 denique
820 650 1075 696 exsurgunt.
1139 644 1464 684 Insinuationes

202 711 258 751 ad
281 711 502 763 quandam
526 717 701 758 metam,
721 712 954 751 introrsum
977 726 1125 752 versus
1149 712 1370 760 Centrum,
1390 719 1464 752 aut

202 793 371 819 sursum
412 793 560 820 versus
603 779 800 827 Culmen‚
843 785 935 819 erat
983 781 1209 820 consensio
1256 781 1465 821 unanima

202 849 397 887 omnium
420 848 667 888 Veritatum
689 862 836 888 versus
859 862 993 888 unum
1023 849 1206 898 Bonum,
1230 863 1304 889 seu
1328 849 1465 888 bono-

201 929 297 955 rum
321 916 573 969 Optimum;
607 930 795 969 cumque
817 917 871 957 ad
891 923 1015 957 tuum
1035 918 1291 957 accederent
1308 923 1464 965 torum,

203 984 320 1036 quod
370 985 516 1024 subito
561 985 971 1037 resplendescerent,
1014 992 1106 1025 erat
1147 1000 1203 1025 ex
1245 986 1464 1038 ipsissimo

202 1052 371 1093 Amore
414 1053 628 1105 Supremi‚
671 1068 746 1094 seu
789 1054 983 1107 Optimo,
1023 1055 1158 1107 Cujus
1199 1055 1241 1094 in
1285 1055 1379 1094 sinu
1420 1061 1464 1095 te

203 1122 430 1161 sedentem
444 1121 644 1162 vidimus.
679 1122 809 1175 Quod
827 1123 933 1162 radii
948 1137 973 1162 a
990 1122 1170 1176 singulis
1188 1123 1230 1162 in
1248 1123 1465 1163 ambitum

203 1188 441 1238 effluerent,
480 1195 546 1229 est
579 1203 812 1230 commune
846 1190 1080 1240 vinculum,
1117 1192 1235 1243 quod
1272 1191 1466 1244 singulas

203 1257 512 1305 universaliter,
533 1257 570 1297 &
587 1258 833 1297 universum
854 1258 1046 1299 Chorum
1069 1259 1346 1311 singulariter
1367 1273 1468 1299 con-

204 1326 365 1375 nectit;
396 1325 493 1365 talis
523 1325 636 1365 enirn
665 1332 742 1374 est,
771 1340 1043 1379 quaecunque
1072 1327 1114 1366 in
1146 1329 1301 1367 natura
1328 1328 1467 1377 datur,

203 1394 511 1434 determinatio
548 1393 585 1434 &
623 1395 840 1434 connexio
876 1394 1125 1447 formae(x);
1163 1409 1296 1447 quare
1333 1397 1466 1435 etiarn

203 1462 288 1502 illae
311 1475 356 1501 se
378 1461 533 1501 eodem
557 1463 643 1502 ictu
668 1469 822 1502 mutuo
839 1463 1166 1515 amplexabant.
1211 1463 1342 1516 Quod
1365 1478 1468 1504 vero

185 1541 227 1570 ‘e
255 1531 445 1570 numeris
475 1531 562 1570 suis
593 1530 753 1583 elapsae
785 1530 955 1580 fuerint,
984 1545 1034 1571 ac
1062 1538 1106 1571 te
1140 1532 1396 1585 indignante
1431 1532 1469 1572 &

204 1612 277 1639 eas
305 1599 347 1638 in
376 1598 648 1638 harmoniam
678 1612 880 1639 revocare
910 1600 1125 1649 studente,
1157 1614 1182 1640 a
1211 1614 1256 1640 se
1285 1601 1390 1653 ipsis
1424 1602 1467 1640 in

253 1688 302 1732 (x)
334 1690 377 1722 In
401 1699 444 1722 eo
470 1689 692 1723 conveniunt
716 1700 845 1723 omnes
870 1690 1026 1732 Formae,
1051 1690 1303 1735 cujuscunque
1326 1697 1468 1726 naturae

204 1745 288 1788 sint,
306 1744 405 1789 quod
423 1755 445 1777 a
463 1744 616 1787 singulis
635 1745 803 1779 essentiis
821 1755 884 1778 seu
903 1745 1174 1789 essentialibus,
1193 1757 1275 1790 quae
1294 1746 1468 1780 determi-

204 1806 295 1834 nant
314 1800 482 1842 formam,
500 1799 614 1833 fluant
632 1800 778 1833 vincula
796 1800 843 1833 ad
867 1801 1112 1844 peripheriam
1136 1812 1199 1834 seu
1223 1801 1416 1843 ambitum,
1436 1802 1468 1836 δε

204 1855 254 1889 ibi
273 1865 467 1889 commune
486 1854 674 1898 quoddam
689 1854 887 1888 Vinculum
903 1855 1128 1888 constituant
1144 1867 1150 1889 z
1175 1855 1269 1899 ideo,
1283 1867 1365 1900 quae
1382 1868 1468 1900 pars

204 1911 252 1944 ab
271 1921 314 1944 eo
328 1909 473 1943 vinculo
492 1909 674 1953 religatur,
689 1921 763 1943 non
778 1910 936 1953 amplius
955 1916 1011 1944 est
1029 1921 1114 1954 pars
1134 1911 1237 1945 istius
1256 1912 1385 1945 formae
1404 1923 1468 1946 seu

207 1965 391 2010 Corporis,
408 1964 472 1998 sed
500 1965 594 1998 sicut
620 1964 744 2008 spuria
768 1964 951 2008 rejicitur:
978 1965 1078 2009 quod
1102 1965 1153 1999 ita
1177 1966 1235 2008 sit,
1254 1966 1392 2000 clarum
1412 1973 1468 2001 est

205 2020 243 2053 in
272 2026 400 2053 nostro
429 2020 600 2063 Corpore,
627 2019 659 2052 δι
689 2019 726 2052 in
753 2019 904 2062 singulis
932 2019 1009 2064 ejus
1041 2020 1219 2054 Membris
1248 2031 1311 2054 seu
1341 2020 1468 2055 formis

206 2075 411 2118 organici53
439 2075 606 2108 similiter
623 2074 659 2107 in
679 2074 823 2107 Formis
842 2074 927 2108 Veri
947 2075 1021 2108 and
1041 2075 1133 2108 Boni
1151 2087 1158 2115 3
1186 2081 1224 2109 ut
1250 2075 1282 2109 δε
1306 2076 1343 2109 in
1367 2076 1468 2110 omni

207 2130 402 2172 Societate‚
416 2129 624 2174 particulari
639 2129 671 2162 &
686 2129 885 2171 communi,
896 2140 979 2173 quae
994 2130 1150 2164 similem
1165 2129 1321 2164 formam
1336 2131 1465 2172 refert3

207 2185 273 2219 sed
297 2185 379 2218 loco
405 2184 539 2218 vinculi
564 2184 769 2218 communis
787 2184 1043 2219 substituenda
1062 2191 1146 2219 sunt
1171 2196 1226 2228 ea,
1245 2197 1327 2230 quae
1351 2197 1469 2220 corre-

207 2240 415 2284 spondent:
442 2240 494 2273 sic
511 2251 534 2273 a
553 2239 696 2273 Formis
719 2239 957 2283 naturalibus,
975 2240 1021 2274 de
1048 2240 1219 2274 omnibus
1245 2240 1282 2274 in
1308 2241 1468 2286 reliquis,

206 2305 354 2340 prorsus
372 2295 501 2329 instrui
518 2305 724 2339 possumus
