1835 2672
399 161 440 186 10
800 153 943 188 PARS
975 153 1247 199 SECUNDA,

395 251 544 292 munio
565 251 668 293 vitae
690 250 729 292 &
751 258 930 302 natum,
947 253 1026 293 nisi
1050 253 1205 293 iterum
1228 266 1306 306 per
1325 252 1460 294 talem
1482 253 1649 294 media-

394 320 574 362 tionem.
626 320 714 362 Sed
732 320 966 374 spiritualis
989 321 1162 361 inferior
1182 321 1275 362 haec
1296 321 1396 371 vita,
1414 335 1470 362 ex
1486 322 1649 375 proprii

394 389 555 429 amoris
585 388 623 429 &
655 389 845 430 ambitus
876 395 1015 439 aestro,
1039 390 1223 443 disrupit
1254 390 1484 444 copulam;
1514 404 1648 444 quare

389 457 485 510 jam
508 471 596 498 non
618 457 755 498 vitam
780 457 886 499 Caeli
907 458 984 498 sed
1007 465 1172 499 naturae
1194 459 1300 499 vivit
1319 473 1328 509 ;
1360 459 1397 499 ἃ
1420 472 1506 499 non
1529 472 1650 499 amo-

395 540 487 567 rem
511 526 586 567 sed
605 526 766 576 odium,
785 526 967 580 proinde
985 540 1071 566 non
1088 528 1294 567 unionem
1311 527 1388 568 sed
1405 527 1650 577 discidium,

394 595 531 649 spirat
548 607 557 644 ;
589 609 726 648 usque
745 602 894 636 tamen
916 609 994 648 per
1013 609 1112 635 eum
1134 595 1276 636 Amor
1297 602 1444 636 noster
1468 596 1649 636 intrabit

396 670 597 705 naturam
620 664 777 704 Mundi
800 678 875 704 seu
898 664 1033 704 nostri
1058 664 1272 717 Corporis,
1289 664 1326 704 &
1343 677 1420 717 per
1441 664 1649 705 Divinam

395 746 520 773 suam
543 733 800 785 potentiam,
821 746 875 772 ne
897 732 1045 772 omnia
1076 732 1237 782 labent,
1258 732 1478 786 disruptos
1508 746 1649 773 nexus

395 807 617 850 contexet,
655 800 693 841 δε
730 800 946 840 Mundum
981 800 1036 840 ad
1072 800 1252 850 Caelum,
1284 801 1395 841 sicut
1436 801 1493 841 ad
1524 814 1648 841 suam

395 870 710 918 continentem,
751 869 971 909 revocabit
990 881 999 916 ;
1050 869 1168 921 quod
1220 874 1267 909 ut
1313 868 1400 918 fiat,
1438 869 1649 918 inimicus,

396 937 568 978 faederis
590 936 787 986 violator,
808 937 864 977 ab
882 934 1052 977 'Amore
1075 942 1224 977 nostro
1254 938 1335 978 sub
1361 937 1518 991 jugum
1549 939 1650 979 mit-

395 1007 555 1047 tendus
575 1012 652 1055 est,
669 1005 761 1058 ejus
779 1005 943 1046 feroces
961 1006 1151 1058 impetus
1168 1005 1409 1058 frangendi,
1427 1006 1652 1047 damnosae

396 1075 508 1116 vires
529 1075 807 1128 dissipandae,
821 1068 912 1115 vita
929 1074 1020 1127 ejus
1035 1074 1225 1114 exitialis
1239 1075 1367 1115 morti
1382 1075 1650 1124 devovenda,

397 1143 435 1184 ἃ
458 1144 519 1185 sic
541 1157 692 1184 omnes
714 1143 806 1196 ejus
829 1149 951 1184 actus
973 1143 1085 1183 intra
1102 1143 1240 1183 solam
1259 1149 1494 1184 conatuum
1512 1143 1652 1197 sphae-

397 1226 490 1253 ram
512 1212 750 1261 coercendi,
775 1211 813 1252 ἃ
836 1211 916 1252 hac
938 1212 1105 1252 ratione
1126 1211 1181 1252 ad
1204 1212 1398 1265 injuncta
1414 1212 1496 1252 sibi
1510 1212 1651 1253 officia

394 1281 436 1321 vi
469 1281 723 1335 adigendus.
787 1281 873 1320 Hic
903 1280 995 1333 jam
1028 1286 1094 1320 est
1128 1280 1221 1333 ipse
1254 1280 1389 1330 Ordo,
1411 1281 1650 1322 secundum

396 1364 528 1403 quem
570 1364 595 1390 a
637 1350 853 1403 Supremo
892 1350 1100 1389 transitur
1140 1349 1183 1389 in
1226 1355 1453 1390 naturam:
1499 1348 1651 1389 similis

396 1419 530 1462 etiam
554 1418 676 1460 Ordo
702 1424 862 1458 nostrae
889 1418 991 1458 vitae
1023 1417 1304 1458 facultatibus
1335 1432 1410 1458 seu
1443 1419 1651 1472 potentiis

396 1488 628 1541 inscriptus
659 1492 750 1527 est:
782 1486 948 1526 Anima
970 1492 1118 1526 nostra
1140 1487 1195 1526 ab
1218 1486 1312 1539 ipso
1343 1486 1559 1539 Supremo
1588 1500 1652 1527 re-

396 1557 513 1610 gitur
536 1569 545 1606 ;
598 1555 725 1595 Mens
764 1553 1068 1594 intellectualis
1110 1568 1208 1594 cum
1250 1556 1329 1595 sua
1365 1555 1592 1595 voluntate
1626 1569 1652 1596 a

399 1623 801 1677 SupremiAmore;
823 1623 1014 1663 Animus
1030 1637 1131 1663 vero
1147 1623 1202 1663 ab
1215 1623 1365 1663 infimo
1384 1623 1467 1664 hoc
1489 1624 1652 1664 media-

397 1701 517 1735 tore:
548 1700 596 1734 ut
625 1693 772 1733 omnia
799 1692 1040 1733 secundum
1067 1691 1183 1732 hunc
1203 1692 1400 1733 ordinem
1422 1706 1448 1732 a
1470 1692 1653 1746 Sapien-

397 1764 566 1804 tissimo
588 1761 836 1802 institutum
858 1760 1011 1810 fluant,
1033 1760 1177 1800 Amor
1197 1760 1411 1813 Supremi,
1434 1761 1507 1814 qui
1540 1761 1652 1801 sicut

398 1832 441 1872 in
464 1845 542 1872 suo
566 1829 774 1883 Olympo,
797 1829 930 1870 etiarn
957 1829 999 1869 in
1033 1830 1190 1870 nostris
1224 1829 1457 1878 Mentibus,
1479 1830 1653 1879 residet,

398 1900 594 1941 omnium
617 1898 767 1938 finium
789 1911 867 1951 per
884 1897 1086 1950 Seipsum
1105 1904 1180 1938 aut
1201 1911 1278 1950 per
1292 1897 1503 1938 Animam
1527 1897 1652 1939 influ-

398 1969 565 2009 entium
586 1967 731 2007 media
753 1967 969 2019 disponet,
980 1980 1030 2006 ac
1047 1967 1136 2006 vita
1153 1967 1217 2006 sui
1231 1966 1409 2007 Amoris
1425 1967 1653 2020 inspirabit

400 2037 438 2078 ἆ
465 2035 734 2089 adimplebit,
761 2048 923 2088 perque
950 2035 1177 2084 Animum,
1200 2048 1275 2075 seu
1309 2035 1400 2088 ejus
1433 2035 1654 2076 mediatri-

399 2119 493 2146 cem
515 2105 663 2153 vitam,
683 2104 811 2157 prius,
833 2104 945 2144 sicut
967 2103 1183 2152 audivisti,
1201 2103 1481 2157 subjugatam
1503 2104 1540 2145 &
1557 2117 1652 2157 per-

399 2175 625 2222 domitam,
642 2171 793 2212 influet
815 2173 857 2212 in
876 2178 1076 2212 naturam
1101 2172 1234 2213 nostri
1258 2172 1474 2225 Corporis,
1489 2173 1653 2213 scilicet

399 2244 440 2283 in
461 2242 611 2282 Fibras
635 2240 673 2281 &
695 2253 842 2281 earum
868 2239 1092 2293 Spiritum,
1118 2240 1155 2281 &
1187 2240 1243 2281 ab
1275 2240 1357 2281 hoc
1390 2241 1432 2281 in
1467 2241 1652 2294 Sangui-

400 2324 510 2361 nem,
535 2312 576 2351 in
597 2323 782 2363 quorum
805 2315 988 2362 utroque
1009 2315 1164 2350 natura
1187 2309 1229 2349 in
1251 2309 1518 2350 consortium
1550 2310 1652 2350 vitae
