1835 2672
351 137 397 182 96
563 137 746 173 CAPUT
773 138 1091 185 SECUNDUM,
1127 140 1321 176 SECTIO
1352 141 1405 176 II.

351 237 406 277 de
438 236 562 287 coelo,
584 238 660 277 sed
689 237 781 291 jam
814 237 909 291 ipsa
937 238 1042 291 ejus,
1064 239 1119 280 de
1147 247 1319 281 suomet
1345 240 1383 281 &
1405 241 1609 294 proprio;

346 306 439 358 jam
476 307 609 346 etiam
647 307 849 347 ultimum
885 322 1012 348 suum
1047 322 1202 362 gyrum
1239 310 1342 362 agit,
1378 310 1481 350 inde
1516 309 1609 362 ejus

349 375 541 416 fructus:
572 375 659 415 noli
687 376 737 416 iis
764 377 890 426 vesci,
913 377 989 417 sed
1022 377 1161 418 fruere
1192 378 1441 431 epularibus
1471 378 1610 429 bonis,

352 444 389 485 ἃ
417 445 599 494 cibariis,
623 459 648 485 a
680 459 750 486 me
780 446 859 486 tibi
890 447 1100 487 demissis.
1164 448 1229 488 Ut
1249 448 1372 497 scias,
1395 453 1608 500 quantum

351 514 526 563 distant,
551 528 603 554 en
627 515 819 567 aperiam
847 514 926 555 tibi
959 515 1139 565 Caelum,
1164 515 1201 556 &
1229 517 1291 556 tui
1319 517 1436 556 visus
1464 517 1609 557 radios

351 583 459 623 meis
493 583 758 636 implicabo;
791 583 828 623 &
864 583 978 623 illico
1011 585 1172 637 apertis
1205 584 1296 637 ejus
1333 584 1481 634 oculis,
1509 598 1610 625 con-

348 652 574 705 templare,
597 652 750 704 inquit,
772 665 917 692 meum
941 653 1195 692 Paradisum
1216 667 1224 703 ;
1256 654 1460 706 expande
1481 660 1607 694 tuum

348 720 490 760 visum
513 721 555 760 in
579 720 718 761 latum
742 720 780 761 δι
803 721 845 760 in
869 720 1062 773 longum,
1083 722 1153 761 dic
1175 721 1291 770 mihi,
1312 736 1368 762 an
1398 721 1510 762 ullos
1539 721 1609 762 hic

349 790 558 830 terminos
580 803 629 830 ac
652 789 770 839 fines,
792 789 902 830 sicut
931 790 974 829 in
1002 796 1090 839 tuo,
1110 790 1258 840 vides;
1290 804 1345 830 an
1373 791 1609 844 quicquam

348 858 418 899 hic
458 859 645 899 ortivum
689 858 727 898 δι
769 858 897 898 simul
938 858 1194 909 occiduum;
1236 872 1366 899 omne
1407 865 1473 899 est
1513 873 1610 912 per-

349 933 531 980 petuum
553 928 595 967 in
625 941 704 967 suo
733 933 840 976 ortu,
864 927 995 980 inque
1023 928 1100 967 sua
1128 927 1223 967 luce
1252 927 1290 967 ἃ
1320 928 1362 967 in
1391 929 1469 968 sua
1496 929 1612 978 vita;

349 997 466 1050 quod
491 997 533 1036 in
557 1010 656 1036 ineo
678 1002 755 1046 est,
770 997 902 1036 etiam
925 1002 1107 1049 apparet
1129 996 1171 1036 in
1189 997 1349 1050 tuo(s);
1382 996 1458 1036 sed
1477 996 1609 1036 modo

396 1096 439 1140 (s)
470 1096 625 1139 Dicitur,
643 1096 742 1141 quod
762 1096 960 1130 Paradisus
980 1095 1147 1130 Caelestis
1166 1096 1361 1140 aperiatur,
1380 1095 1552 1141 quodque
1570 1095 1608 1129 in

351 1152 531 1186 Terrestri
550 1151 811 1185 adumbratum
830 1151 887 1195 sit,
906 1151 1081 1196 quicquid
1099 1151 1136 1184 in
1155 1151 1216 1185 illo
1235 1158 1312 1193 est3
1338 1151 1492 1196 proinde
1510 1150 1611 1195 quod

349 1219 463 1241 unum
489 1207 525 1241 in
551 1208 666 1241 altero
692 1214 996 1251 repraesentetur;
1024 1207 1123 1251 quod
1149 1207 1187 1240 in
1209 1207 1449 1251 sequentibus
1476 1206 1610 1240 clarius

349 1263 607 1297 confirmatum
625 1262 829 1296 videbitur:
856 1262 1025 1296 Occurrit
1043 1262 1141 1296 enim
1158 1261 1495 1306 Correspondentia
1512 1261 1608 1304 talis,

347 1324 387 1352 ut
416 1329 482 1363 per
508 1318 715 1362 ipsissimas
741 1318 926 1351 Veritates
956 1318 1142 1352 naturales
1171 1318 1204 1351 δ’(
1228 1318 1406 1362 morales,
1425 1317 1608 1352 beneficio

349 1374 462 1407 solius
485 1373 783 1417 transpositionis
807 1384 939 1406 vocum
962 1384 1020 1407 res
1045 1373 1231 1407 naturales
1255 1373 1554 1416 significantium,
1572 1373 1610 1406 in

348 1428 448 1473 ipsas
474 1428 658 1462 Veritates
685 1428 903 1472 spirituales,
926 1428 958 1462 Sc
983 1428 1157 1471 vicissim,
1180 1439 1224 1461 ac
1251 1428 1302 1462 sic
1329 1428 1435 1472 quasi
1461 1428 1509 1462 ab
1533 1439 1608 1462 uno

350 1483 528 1517 Paradiso
562 1483 600 1516 in
634 1483 801 1526 alterum,
835 1483 1119 1517 introducamur.
1186 1482 1455 1517 Elucidationis
1488 1483 1609 1527 gratia

348 1538 460 1572 modo
478 1549 592 1571 unum
610 1545 671 1572 aut
689 1538 844 1572 alterum
862 1538 1070 1582 exemplum
1088 1538 1322 1582 producatur,
1341 1538 1446 1581 sicut,
1463 1538 1608 1572 Lumen

349 1593 490 1627 revelat
517 1593 735 1637 qualitatem
764 1593 827 1626 sni
853 1593 989 1637 objecti,
1020 1593 1085 1626 sed
1109 1593 1274 1637 qualitas
1301 1593 1429 1637 objecti
1455 1595 1612 1637 apparet

346 1649 545 1682 secundnm
563 1653 703 1682 statum
722 1649 902 1689 luminis,¹
927 1659 1043 1692 qnare
1069 1648 1254 1692 Obsectum
1278 1660 1349 1682 non
1372 1651 1514 1693 semper
1533 1649 1608 1682 tale

347 1708 409 1748 est,
439 1704 548 1749 quale
576 1706 756 1748 apparel:
791 1703 883 1737 sicut
915 1703 1191 1745 Formositates‚
1220 1703 1250 1736 si
1280 1703 1353 1736 sint
1384 1703 1540 1746 objecta,
1569 1703 1607 1737 in

347 1760 449 1793 varia
466 1761 546 1794 luce
565 1765 752 1803 spectatae.
805 1759 842 1792 Si
862 1769 927 1803 pro
949 1758 1102 1792 Lumine
1120 1758 1322 1802 accipiatur
1348 1757 1608 1802 Intelligentia,

349 1817 452 1862 cujus
471 1817 603 1861 objecti
623 1817 781 1861 qualitas
799 1823 854 1850 est
874 1816 940 1850 Rei
960 1806 1105 1850 Veritas
1123 1828 1130 1857 ;
1156 1816 1243 1860 quia
1265 1815 1523 1859 Intelligentia,
1540 1827 1607 1860 pro

353 1873 507 1906 Lumine
534 1873 724 1917 spirituali,
746 1883 767 1906 a
792 1872 902 1905 nullis
928 1883 1001 1905 non
1029 1872 1230 1916 accipitur:
1257 1871 1342 1906 inde
1366 1871 1437 1905 hoc
1461 1871 1608 1915 prodit:

348 1928 603 1972 Intellegentia
629 1928 764 1972 detegit
793 1928 986 1961 veritatem
1015 1927 1079 1970 rei,
1105 1927 1169 1960 sed
1201 1927 1340 1960 Veritas
1369 1927 1425 1960 rei
1450 1928 1609 1970 apparet

344 1984 541 2017 secundnm
555 1987 693 2016 statnnz
708 1983 993 2027 Intellegentia
1018 1993 1132 2026 qnare
1150 1993 1223 2015 71072
1237 1983 1379 2025 semper
1392 1985 1446 2014 est
1461 1991 1605 2024 verum,

347 2040 448 2084 qnod
461 2050 591 2072 verum
609 2050 681 2071 esse
690 2041 865 2083 putatur.
918 2038 1103 2080 Similiter,
1123 2038 1152 2071 si
1174 2037 1255 2071 loco
1281 2036 1549 2080 Intelligentiae,
1567 2035 1605 2069 in

347 2094 712 2138 correspondentiam
754 2101 905 2128 vocetur
949 2093 1148 2137 Sapientia,
1182 2092 1285 2136 cujus
1326 2091 1512 2136 objectum
1548 2097 1605 2125 est

347 2152 517 2184 Bonum:
560 2150 755 2194 Sapientia
786 2150 1001 2194 manlfestat
1028 2149 1251 2190 Bonz'tatem,
1276 2148 1342 2181 sed
1366 2147 1523 2181 Bonitas
1550 2147 1609 2180 rei

346 2208 502 2250 apparet
524 2205 723 2238 secundnm
748 2209 887 2238 statnnz
912 2205 1128 2249 sapientz'oe;
1156 2214 1270 2248 quare
1293 2214 1367 2236 non
1391 2205 1532 2246 semper
1553 2205 1607 2236 est

346 2261 490 2304 bonum,
511 2260 613 2304 quod
632 2260 764 2293 bonum
789 2271 862 2294 esse
886 2260 1058 2293 creditur.
1112 2260 1164 2293 Ut
1189 2258 1309 2292 adhuc
1335 2269 1448 2291 unum
1474 2258 1604 2302 depro-

347 2324 478 2360 matur,
496 2317 583 2349 na'm
602 2315 755 2350 infinita:
773 2315 1009 2360 ejuscemodi,
1028 2315 1102 2349 imo
1129 2314 1294 2348 omnium
1318 2324 1440 2348 rerum
1466 2324 1603 2348 corres-
