1835 2672
448 147 470 180 6
863 148 1007 182 PARS
1039 148 1314 193 SECUNDA,

450 247 539 287 lat:
574 247 726 288 Tertia
762 253 829 288 est
862 248 991 288 Mens
1024 248 1210 297 inferior,
1232 261 1330 301 quae
1362 247 1496 288 etiam
1526 248 1718 289 Animus

449 316 642 357 dicitur:
690 316 761 356 Ex
815 316 883 356 his
935 317 1074 357 tribus
1121 317 1358 370 Principiis,
1403 317 1547 357 Fibrae
1582 317 1718 358 totius

451 385 668 438 Corporis,
691 398 789 425 cum
813 385 982 425 incluso
1004 385 1169 438 spiritu,
1190 386 1446 438 procedunt,
1470 384 1509 425 Sc
1541 399 1567 426 a
1599 385 1718 426 fibris

449 455 771 494 concinnantur
792 454 924 503 Vasa,
947 468 1046 507 quae
1069 455 1328 507 sanguinem
1353 454 1498 494 ferunt
1518 468 1527 504 ;
1559 468 1618 494 ex
1650 454 1717 494 his

447 522 589 572 Vasis,
612 523 650 564 ἃ
683 536 833 563 eorum
863 522 1163 563 diramificatis
1187 523 1309 572 liciis,
1327 522 1420 575 jam
1444 536 1597 563 omnes
1617 523 1717 564 telae

448 592 678 644 organicae,
731 605 1005 644 quaecunque
1058 593 1101 631 in
1151 591 1321 631 ambitu
1367 591 1574 645 Corporis
1614 606 1718 633 con-

448 662 610 714 spicuae
652 668 767 709 sunt,
803 661 840 701 &
882 675 1167 714 quascunque
1209 662 1403 702 ambitus
1444 661 1641 712 inciudit,
1678 661 1717 702 Sc

447 731 653 770 dicuntur
687 730 906 776 Sensoria,
940 729 1142 778 Musculi,
1166 730 1358 779 Viscera,
1391 737 1468 771 aut
1501 730 1717 780 Membra,

447 800 647 840 formatae
671 798 708 839 &
733 804 956 838 contextae
979 804 1080 838 sunt
1103 810 1110 846 ;
1132 798 1233 838 talis
1254 804 1320 839 est
1342 799 1605 852 compositio
1623 814 1715 840 om-

448 869 569 908 nium
608 869 649 908 in
688 881 857 920 genere.
923 867 1012 908 Sed
1038 867 1131 919 jam
1165 873 1280 907 retro
1302 867 1491 908 feramus
1513 870 1714 921 gradum.

448 937 728 990 exponendo,
753 936 981 989 quomodo
1011 949 1147 975 unum
1180 936 1273 989 agit
1305 935 1344 976 &
1376 935 1519 977 influit
1542 938 1585 977 in
1607 937 1715 979 alte-

448 1019 571 1046 rurn:
604 1004 772 1045 Anima
804 1005 847 1044 in
885 1005 973 1044 suis
1006 1005 1222 1057 supremis
1257 1005 1411 1045 induta
1441 1011 1507 1046 est
1543 1007 1716 1057 Forma,

447 1090 546 1128 quae
570 1073 937 1127 Supra-Caelestis
958 1080 1150 1122 vocatur,
1175 1074 1212 1115 &
1234 1074 1372 1115 vitam
1395 1088 1520 1115 suam
1555 1074 1716 1129 Supre-

448 1158 521 1184 mo
545 1150 694 1183 nostro
718 1143 900 1183 Numini
923 1149 1152 1196 acceptam
1174 1143 1282 1184 fert:
1307 1144 1435 1184 Mens
1455 1158 1559 1185 vero
1581 1145 1717 1186 Intel-

447 1212 645 1253 lectualis
687 1212 816 1260 dicta,
848 1225 973 1251 suam
1009 1211 1195 1252 formam
1236 1212 1292 1252 ab
1325 1212 1494 1253 Animi}⁴
1533 1213 1715 1267 ejusque

449 1282 554 1322 vitae
606 1280 748 1330 radiis,
801 1280 1223 1333 simplicissimarum
1276 1281 1482 1322 fibrarum
1536 1284 1719 1333 aemulis,

447 1351 610 1404 adepta
651 1356 729 1398 est,
760 1350 853 1389 haec
891 1349 1031 1389 forma
1064 1350 1224 1389 dicitur
1258 1350 1467 1400 Caelestis,
1507 1351 1545 1392 &
1578 1353 1714 1393 vitam

447 1433 584 1467 suam,
608 1418 737 1459 simul
775 1432 825 1458 ac
857 1432 882 1458 a
916 1418 1146 1470 Supremo,
1168 1419 1301 1459 etiam
1331 1420 1387 1459 ab
1415 1420 1524 1472 Ejus
1546 1421 1716 1462 Amore

447 1502 522 1528 seu
554 1487 810 1539 Unigenito‚
833 1486 1002 1535 haurit;
1036 1500 1138 1526 nam
1173 1487 1346 1527 Formae
1379 1489 1474 1528 istae
1506 1503 1581 1529 seu
1614 1490 1715 1530 sub-

447 1558 623 1598 stantiae
673 1562 775 1596 sunt
826 1556 960 1595 modo
1017 1556 1231 1608 potentiae
1281 1571 1357 1597 seu
1408 1559 1712 1610 organicarum

447 1627 611 1679 primae,
655 1639 755 1678 quae
794 1639 820 1665 a
862 1624 992 1664 radiis
1037 1624 1218 1665 Illorum
1260 1626 1373 1675 vitae,
1410 1640 1534 1666 suam
1575 1628 1712 1668 vitam

448 1701 596 1748 agunt.
659 1694 788 1734 Mens
838 1707 940 1733 vero
992 1693 1178 1743 inferior,
1219 1708 1295 1734 seu
1346 1694 1549 1744 Animus,
1588 1710 1713 1737 suam

450 1765 606 1804 iterum
649 1763 868 1812 Formam,
909 1776 1007 1815 quae
1046 1763 1204 1803 dicitur
1247 1763 1602 1813 Infra-Caelestis,
1639 1779 1713 1806 seu

451 1834 667 1887 Suprema
690 1831 913 1881 naturalis,
936 1846 960 1872 a
983 1832 1199 1885 prioribus
1223 1839 1364 1882 nacta,
1387 1847 1511 1874 suam
1532 1835 1666 1875 vitam
1689 1849 1714 1875 a

452 1903 592 1942 Fonte
612 1902 806 1955 quodam
829 1901 1056 1955 spirituali,
1079 1902 1152 1954 qui
1176 1901 1316 1942 factus
1339 1908 1405 1942 est
1424 1902 1582 1955 copula
1607 1903 1713 1943 Caeli

450 1971 487 2011 ἃ
513 1971 681 2019 Mundi,
704 1970 865 2011 educit.
926 1970 1002 2010 Ab
1033 1970 1099 2010 his
1131 1971 1271 2011 tribus
1302 1971 1519 2011 distinctis
1552 1971 1714 2020 formis,

448 2048 496 2081 ut
537 2055 561 2081 a
593 2041 680 2080 suis
717 2039 951 2092 principiis,
990 2039 1213 2092 profluunt
1244 2039 1337 2092 jam
1372 2053 1526 2080 omnes
1559 2040 1712 2081 formae

451 2110 685 2162 Corporeae
727 2122 801 2148 seu
845 2108 1110 2157 Materiales,
1154 2122 1252 2161 quae
1294 2122 1400 2162 pure
1440 2109 1713 2149 naturalibus

448 2178 803 2230 correspondent,
819 2191 868 2217 ac
891 2191 990 2230 quae
1012 2177 1234 2217 inferiores
1252 2177 1456 2230 sphaeras,
1472 2191 1546 2218 seu
1569 2179 1710 2232 ipsum

449 2248 630 2300 Corpus,
653 2247 956 2296 constituunt;
989 2247 1174 2299 proinde
1205 2247 1338 2286 etiarn
1371 2260 1519 2287 earum
1552 2247 1712 2287 forma-

446 2329 541 2356 rum
593 2316 883 2369 operationes,
935 2315 1202 2356 mutationes
1252 2322 1405 2365 status,
1460 2315 1498 2356 &
1548 2316 1711 2369 agendi
