1835 2672
366 143 409 177 28
607 144 792 179 CAPUT
820 146 1060 190 PRAUUM,
1093 147 1290 182 SECTIO
1322 148 1398 182 HJ,

365 241 487 289 vires,
513 241 549 282 ἃ
573 250 802 296 acceptam
826 244 1158 285 faecunditatem
1187 246 1229 285 in
1258 251 1325 286 tot
1353 245 1540 286 foetuum
1569 245 1634 286 in-

365 309 637 352 choamentis
661 314 924 364 consumsit;
959 327 1037 354 nec
1056 314 1148 367 jam
1171 314 1360 366 amplius
1383 328 1440 354 ex
1461 319 1635 354 suomet

366 381 590 420 communi
628 381 792 422 Ovario
827 396 940 423 nova
972 383 1141 423 semina
1175 382 1348 431 extulit,
1384 383 1461 423 sed
1500 383 1635 424 modo

365 449 583 489 seminata
617 464 675 490 ex
707 452 796 491 suis
824 452 1047 504 productis
1077 451 1115 492 ἃ
1144 452 1361 504 vegetatis
1390 452 1565 505 recepit,
1595 451 1635 493 81

364 517 469 557 inde
510 519 752 571 primitivas
794 520 1008 573 imagines
1044 521 1345 561 resuscitavit:
1385 520 1479 573 jam
1516 520 1634 560 enim

368 584 545 626 Humus
570 587 607 627 &
631 588 764 628 Terra
786 588 902 629 facta
925 595 991 629 est
1008 589 1084 642 (p).

367 715 400 750 &
422 717 469 750 ab
496 716 566 751 illis
593 717 722 752 ordine
745 717 794 751 ad
818 717 949 752 ultima
975 729 1038 752 seu
1065 718 1193 752 infima
1218 717 1448 762 procedunt3
1474 717 1638 763 dumque

366 771 416 805 ibi
436 783 534 805 nova
553 773 747 807 statuerint
767 773 962 818 principia,
980 773 1028 806 ab
1055 773 1125 806 illis
1152 773 1262 807 simili
1290 773 1418 808 ordine
1443 773 1492 807 ad
1518 773 1639 818 prima

367 838 429 861 seu
449 838 621 872 suprema
639 828 815 870 redeunt;
834 828 927 862 adeo
941 835 980 862 ut
999 828 1241 870 descendant,
1254 828 1286 862 δε
1305 839 1327 862 a
1344 828 1449 862 novis
1470 828 1638 862 excitatis

367 882 557 928 principiis
583 883 813 925 ascendant;
844 884 914 917 hoc
942 890 1166 927 constanter,
1193 895 1268 917 non
1294 884 1414 918 solum
1440 884 1477 917 in
1504 884 1638 927 Regno

366 938 587 981 Vegetabili,
606 939 672 973 sed
691 939 803 973 etiam
822 939 859 972 in
878 939 1042 972 Animali
1060 951 1067 980 ;
1094 950 1178 983 quae
1198 940 1328 983 Regna
1351 940 1388 973 in
1413 939 1638 974 communis-

366 993 470 1026 simis
497 1004 536 1026 se
561 1005 710 1037 prorsus
736 994 897 1028 referunt
921 1005 965 1028 ac
991 994 1220 1028 aemulantur.
1273 995 1418 1028 Natura
1435 994 1535 1029 enim
1553 1000 1638 1038 post

368 1049 502 1091 Ovum,
519 1048 550 1082 δε
569 1049 617 1082 ab
637 1050 730 1091 Ovo,
745 1056 882 1091 exorta,
897 1049 1057 1093 primum
1076 1060 1268 1094 supremas
1287 1049 1320 1084 Sc
1339 1049 1638 1093 simplicissimas

365 1103 539 1138 excitavit
566 1105 687 1138 Auras
719 1115 783 1139 seu
810 1105 1105 1150 Atmosphaeras,
1133 1111 1212 1139 tum
1240 1105 1394 1149 medias,
1424 1105 1457 1139 ἃ
1487 1105 1638 1139 demum

365 1158 546 1202 ultimam,
566 1170 630 1193 seu
648 1160 808 1194 Aeream
827 1172 833 1194 :
861 1160 941 1202 has,
960 1171 1024 1194 seu
1043 1171 1170 1194 earum
1190 1160 1400 1194 individuas
1419 1159 1556 1194 formas
1575 1165 1639 1194 aut

367 1214 607 1255 substantias,
627 1226 710 1259 quae
736 1215 831 1249 vires
857 1215 1096 1250 activissimae
1124 1216 1202 1260 ejus
1230 1216 1405 1250 Universi
1432 1222 1529 1258 sunt,
1553 1226 1639 1250 cum

366 1270 558 1315 principiis
578 1271 735 1305 Telluris
753 1270 855 1304 nulla
875 1271 1063 1305 activitate
1088 1281 1131 1304 ex
1155 1282 1194 1305 se
1216 1271 1393 1315 praeditis,
1412 1271 1640 1305 mediatione

365 1325 554 1359 radiorum
573 1326 681 1368 Solis,
700 1326 897 1370 copulavit,
917 1337 961 1360 ac
980 1326 1030 1360 ita
1054 1337 1171 1360 novas
1197 1326 1367 1371 concepit
1389 1326 1537 1370 formas,
1557 1336 1640 1371 quae

367 1380 570 1414 seminibus
612 1381 765 1415 inclusae
806 1381 990 1425 principia
1030 1387 1155 1415 essent
1193 1381 1423 1415 feracissima
1457 1391 1639 1415 novorum

365 1436 523 1470 foetuum
550 1447 614 1471 seu
640 1437 949 1481 productionum;
976 1436 1044 1471 sed
1068 1436 1136 1470 has
1164 1436 1320 1478 inverso,
1346 1448 1368 1470 a
1394 1447 1472 1480 suo,
1499 1436 1641 1480 ordine,

366 1492 533 1534 exclusit,
560 1492 699 1526 scilicet
724 1492 884 1537 primum
914 1492 996 1526 illas
1025 1492 1275 1537 principiabat
1301 1492 1453 1536 formas,
1479 1503 1563 1537 quae
1589 1492 1638 1527 ab

367 1546 498 1581 ultima
522 1547 613 1581 aura
639 1554 831 1592 conceptae
856 1553 993 1590 essent,
1011 1553 1090 1581 tum
1115 1557 1198 1591 quae
1224 1558 1246 1580 a
1271 1547 1406 1589 media,
1425 1547 1458 1581 &
1485 1547 1637 1581 demum

368 1613 450 1647 quae
469 1614 490 1637 a
509 1603 681 1648 suprema
697 1615 703 1637 :
731 1614 804 1648 qua
822 1603 974 1646 ratione,
994 1602 1089 1636 sicut
1108 1613 1220 1647 supra
1242 1609 1489 1636 memoratum
1510 1609 1575 1645 est,
1594 1613 1640 1637 ex

366 1658 438 1692 hac
468 1658 616 1693 Tellure
646 1658 805 1703 primum
831 1658 1032 1692 veniebant
1059 1657 1178 1701 flores,
1204 1657 1443 1702 postmodum
1468 1657 1638 1702 virgulta,

367 1714 517 1748 demum
532 1715 692 1758 arbores,
707 1725 789 1759 quae
803 1714 1028 1758 perfectione
1042 1713 1075 1747 8:
1089 1713 1331 1748 diuturnitate
1344 1713 1487 1747 caeteris
1499 1713 1639 1758 priores

367 1776 500 1803 essent.
554 1770 611 1803 Ita
632 1770 776 1803 Natura
793 1780 815 1802 a
834 1780 899 1803 suo
918 1769 1037 1813 primo
1054 1768 1103 1802 ad
1121 1768 1304 1812 ultimum,
1323 1768 1355 1803 &
1373 1780 1395 1803 a
1417 1779 1483 1802 suo
1509 1767 1640 1802 ultimo

367 1825 416 1858 ad
434 1825 606 1869 primum,
623 1836 820 1869 progressa
837 1835 931 1868 esse,
949 1824 982 1858 &
1003 1824 1211 1858 Maximum
1231 1825 1383 1868 Gyrum,
1402 1823 1639 1868 sequentium

368 1881 544 1914 similium
563 1880 596 1915 &
620 1880 805 1915 minorum
833 1880 1042 1925 Exemplar,
1062 1880 1279 1924 confecisse,
1298 1880 1442 1922 dicitur,
1461 1879 1522 1924 qui
1549 1889 1640 1924 quo—

368 1936 480 1970 modo
499 1935 724 1969 instauratus
743 1935 800 1978 sit,
819 1946 862 1970 ex
882 1936 963 1980 ipsa
982 1935 1074 1969 serie
1092 1935 1220 1970 elucet.
1275 1935 1385 1979 Quod
1403 1934 1533 1969 similis
1555 1945 1639 1978 pro·

367 1991 509 2034 gressio
539 1990 576 2024 in
609 1991 738 2034 Regno
769 1991 931 2025 Animali
957 1990 1078 2024 ubivis
1104 1990 1281 2033 obtineat,
1307 2001 1330 2024 a
1356 1989 1541 2025 continuis
1568 1989 1639 2023 illis

367 2047 479 2090 gyris,
497 2046 559 2090 qui
579 2045 615 2079 in
635 2046 861 2090 Corporibus
880 2052 1049 2090 regnant,
1067 2046 1100 2080 δε
1123 2056 1371 2089 communem,
1391 2045 1484 2080 sicut
1502 2051 1639 2091 partes,

369 2101 579 2143 conficiunt,
599 2101 795 2135 manifeste
813 2108 976 2146 apparet.

419 2156 477 2201 (p)
495 2158 578 2201 Ipse
588 2156 685 2190 enim
699 2157 760 2190 Sol
772 2168 838 2191 nec
851 2157 1009 2201 amplius
1018 2156 1130 2190 radiis
1140 2156 1215 2190 suis
1225 2154 1429 2199 stringebat
1437 2154 1637 2198 Tellurem,

370 2212 436 2247 sed
454 2212 535 2245 loco
555 2211 643 2256 ejus,
662 2223 899 2246 numerosum
919 2212 1021 2245 illum
1046 2211 1177 2245 foetum
1194 2210 1452 2255 vegetabilem,
1471 2210 1533 2254 qui
1557 2209 1639 2254 ejus

370 2266 601 2312 superficiem
616 2266 696 2311 jam
714 2267 915 2311 operiebat,
934 2267 971 2300 in
990 2277 1100 2310 quem
1118 2272 1297 2310 tanquam
1315 2266 1352 2300 in
1371 2275 1507 2300 novam
1532 2275 1638 2299 suam

369 2323 636 2368 posteritatem,
655 2322 750 2358 vires
769 2333 855 2356 suas
875 2322 1089 2367 impendere
1107 2321 1231 2366 coepit.
