1783 2760
474 115 553 149 DE
583 115 782 149 AMORE
813 115 1064 149 PRIMOGE
1065 115 1131 149 Nl
1134 116 1168 149 T
1164 116 1194 150 I.
1400 125 1462 159 113

211 227 310 253 eum
334 213 546 266 depinge3
577 212 746 261 vellem,
770 219 817 252 ut
844 213 1146 252 tenuissimum
1178 212 1281 253 illud
1305 213 1461 259 velum,

211 281 329 334 quod
362 282 535 321 dixeras
572 281 885 333 interpositum,
924 280 1034 320 foret
1070 281 1322 331 rescissum,
1361 282 1461 321 hinc

210 350 388 402 paulum
426 349 529 388 mihi
566 362 811 397 succenseo,
849 348 886 388 ἃ
924 348 1002 388 tibi
1041 349 1224 398 invideo,
1260 350 1377 401 quod
1415 357 1461 390 tu

212 417 325 457 Eum
347 418 510 470 absque
531 430 600 457 me
622 418 881 470 perspicias;
913 430 988 457 cur
1009 424 1085 457 tua
1111 418 1237 457 Mens
1260 418 1460 470 penitius,

210 499 342 538 quam
370 499 476 535 mea,
499 491 668 525 tuetur:
700 485 778 534 his,
801 485 1112 525 adblandiente
1141 486 1278 534 oculo,
1301 486 1460 532 favens,

212 554 304 593 Nos
338 554 583 607 Sapientiae,
607 553 842 606 respondit,
871 553 1092 594 Mentibus
1126 554 1282 594 nostris
1314 567 1462 594 sumus

209 635 342 675 penes
364 629 485 662 tuam
507 628 703 671 matrem,
726 635 800 662 seu
823 620 1046 670 Animam,
1065 628 1109 662 at
1133 622 1397 674 Corporibus
1420 623 1462 662 in

208 697 285 730 tuo
314 690 538 740 Helicone,
560 697 634 730 aut
662 703 795 743 penes
824 696 893 740 te;
926 690 998 730 illa
1025 703 1111 730 non
1145 696 1288 730 tecum
1322 697 1387 731 est
1419 691 1459 730 in

209 758 431 808 Terrestri‚
448 759 535 808 sed,
552 772 650 799 cum
675 759 809 807 Divis,
833 759 873 798 in
898 759 1073 799 Caelesti
1098 759 1332 809 Paradiso;
1362 759 1463 799 inde

208 827 282 867 illa
309 827 451 868 haurit
479 828 749 880 cognitiones
778 827 1038 876 bonitatum,
1066 841 1173 880 quas
1202 841 1278 880 per
1311 842 1389 868 nos
1424 828 1461 868 ἃ

208 896 342 936 nostri
370 896 560 948 corporis
588 896 709 944 vires,
732 895 775 934 in
804 901 925 935 tuam
954 901 1144 936 mentem
1174 895 1357 936 reflectit
1372 896 1461 948 (a>;

257 1011 305 1054 (a)
336 1012 489 1054 Dicitur,
507 1011 605 1056 quod
624 1011 713 1056 ipsae
734 1011 879 1045 Mentes
900 1011 1170 1055 Sapientiarum
1192 1011 1265 1045 sint
1289 1012 1326 1045 in
1349 1012 1462 1056 adyto

210 1076 322 1110 penes
341 1067 539 1107 Animam;
565 1066 598 1100 ἃ
616 1066 715 1110 quod
738 1077 864 1100 earum
890 1065 1053 1109 Corpora
1078 1066 1114 1099 in
1139 1067 1318 1110 sacrariis,
1338 1078 1400 1101 seu
1425 1068 1460 1100 in

206 1121 282 1164 ejus
304 1121 440 1162 Mente,
459 1131 540 1164 quae
557 1120 745 1154 rationalis
765 1131 828 1155 seu
847 1120 1101 1154 intellectualis
1125 1127 1301 1155 vocatur:
1329 1133 1459 1157 verum

207 1182 245 1208 ut
264 1174 301 1208 id
318 1175 449 1208 clarius
467 1182 678 1219 exponatur,
698 1174 888 1209 sciendum
911 1181 978 1216 est,
996 1175 1095 1219 quod
1118 1176 1364 1219 operationes,
1382 1185 1459 1215 aut,

210 1231 239 1263 si
262 1230 391 1273 mavis,
409 1230 613 1264 activitates
637 1236 772 1264 nostrae
795 1229 928 1263 mentis
952 1230 1152 1272 rationalis,
1171 1231 1243 1264 sint
1266 1231 1378 1265 modo
1401 1243 1462 1265 ac-

208 1285 367 1319 tivitates
397 1295 609 1318 communes
639 1291 773 1319 nostrae
806 1285 940 1318 animae
973 1284 1008 1317 in
1038 1285 1226 1329 principiis
1261 1286 1347 1329 suis,
1378 1298 1461 1331 quae

208 1340 319 1374 etiam
349 1347 431 1374 sunt
461 1340 639 1384 principia
669 1339 852 1381 fibrarum,
881 1350 943 1373 seu
971 1339 1032 1373 ubi
1063 1346 1118 1374 est
1146 1351 1317 1385 suprema
1344 1343 1459 1376 nostri

209 1395 380 1440 Corporis
405 1395 560 1439 sphaera‚
578 1395 610 1429 &
636 1402 849 1429 caeterarum
875 1395 979 1439 quasi
1008 1395 1187 1439 Olympus
1213 1407 1277 1430 seu
1306 1397 1458 1431 Caelum.

210 1451 349 1484 Notum
376 1450 473 1484 enim
500 1456 566 1493 est,
595 1450 694 1494 quod
723 1460 851 1483 omnes
881 1449 1009 1483 formae
1036 1449 1109 1484 sint
1136 1451 1460 1486 determinationes

207 1505 435 1547 essentiales,
454 1515 516 1538 seu
534 1504 633 1548 quod
650 1503 937 1538 determinentur
959 1504 1007 1537 ab
1028 1504 1082 1547 iis,
1097 1515 1179 1548 quae
1203 1506 1372 1540 essentiae
1396 1518 1461 1541 seu

208 1560 418 1594 essentialia
435 1560 562 1593 formae
579 1559 750 1593 dicuntur
764 1571 771 1599 ;
798 1558 878 1592 haec
896 1559 1107 1592 essentialia
1124 1570 1199 1593 non
1213 1561 1324 1594 modo
1343 1561 1460 1604 desig-

208 1621 298 1649 nant
325 1615 357 1648 &
381 1615 586 1659 producunt
608 1613 776 1655 formam,
801 1613 867 1647 sed
889 1613 1001 1646 etiam
1024 1613 1125 1655 dant,
1143 1619 1181 1647 ut
1204 1613 1322 1648 forma
1339 1612 1392 1649 'ab
1416 1616 1460 1650 iis

208 1669 379 1712 conflata,
393 1669 466 1703 suis
485 1668 640 1713 propriis
658 1668 797 1702 naturis
815 1667 848 1701 ἃ
866 1667 1002 1700 viribus
1016 1667 1186 1711 gaudeat,
1199 1668 1231 1702 ἃ
1245 1679 1288 1703 ex
1302 1669 1344 1703 iis
1359 1677 1460 1714 agat3

207 1725 243 1758 in
261 1735 353 1769 quas
379 1724 588 1758 essentialia
614 1723 676 1757 illa
701 1734 764 1757 seu
788 1722 959 1757 essentiae
984 1722 1149 1766 influunt,
1169 1723 1261 1757 sicut
1280 1724 1460 1770 principia

207 1786 270 1814 aut
298 1780 457 1813 rationes
485 1779 522 1812 in
552 1789 636 1812 suas
666 1789 822 1812 causas:
860 1777 1065 1811 activitates
1096 1777 1219 1823 itaque
1250 1778 1377 1813 formae
1407 1781 1459 1814 sic

208 1835 422 1879 compositae
455 1840 517 1867 aut
550 1833 816 1875 determinatae,
845 1832 1015 1866 dicuntur
1048 1832 1131 1866 ideo
1160 1833 1366 1869 activitates
1396 1846 1459 1869 seu

208 1889 439 1934 operationes
456 1899 671 1923 communes
689 1887 819 1932 prioris
836 1900 844 1928 3
870 1887 901 1921 ἃ
920 1887 972 1921 sic
990 1887 1185 1921 assimilari
1204 1895 1359 1932 possunt
1376 1890 1459 1923 viri-

206 1946 275 1980 bus
300 1945 454 1989 alicujus
482 1944 665 1988 Corporis,
684 1954 765 1988 quae
790 1943 918 1985 fluunt,
935 1949 973 1976 ut
998 1942 1035 1976 in
1061 1943 1180 1986 nobis,
1197 1955 1219 1977 a
1237 1944 1459 1978 determina—

207 2000 367 2035 tionibus
394 2010 468 2033 suae
497 1999 633 2033 Mentis
658 1999 715 2032 vel
740 1997 897 2031 Animae.
948 1997 1057 2032 Tales
1083 1998 1195 2032 etiam
1221 2006 1306 2033 sunt
1322 2008 1459 2034 nostrae

210 2056 354 2089 Mentes
373 2054 574 2098 respective
591 2053 638 2087 ad
656 2053 830 2086 Animam
846 2065 854 2093 ;
882 2052 978 2086 unde
997 2053 1165 2086 concludi
1190 2060 1322 2097 potest,
1341 2055 1459 2099 qualis

207 2118 262 2144 est
289 2110 443 2143 influxus
468 2116 613 2142 mutuus
640 2108 746 2141 unius
772 2107 808 2141 in
834 2107 998 2141 alteram.
1050 2107 1125 2142 Sed
1148 2108 1206 2142 hic
1230 2109 1353 2151 etiam,
1373 2111 1459 2154 quia

209 2165 369 2207 interest,
402 2162 638 2208 explicandus
675 2168 755 2203 est3
796 2162 876 2206 ipsa
910 2162 971 2195 illa
1003 2162 1225 2205 essenti-alia,
1259 2174 1341 2208 quae
1375 2172 1460 2198 sunt

208 2219 499 2260 determinantia,
526 2228 670 2261 semper
694 2218 862 2259 formam,
888 2228 1000 2260 quam
1026 2223 1179 2259 struunt,
1206 2218 1254 2251 ad
1285 2218 1459 2252 similium

208 2274 435 2308 activitatum
454 2284 516 2308 seu
533 2273 675 2315 virium,
692 2279 754 2306 aut
773 2272 803 2305 si
821 2272 876 2305 vis
900 2271 1105 2315 modorum,
1123 2283 1207 2306 cum
1232 2273 1318 2316 suis,
1336 2284 1458 2317 recep-

822 2339 838 2369 I
