1835 2672
393 138 410 162 2
804 131 950 164 PARS
972 130 1005 164 S
1004 130 1041 164 E
1047 130 1077 164 C
1081 131 1231 165 UA'DA
1239 158 1247 174 ,

392 228 619 268 interiores
643 227 786 278 fibras,
802 236 919 269 arcte
940 236 1237 283 componeret,
1260 236 1366 270 tunc
1389 229 1427 270 ei
1451 229 1493 269 in
1506 243 1662 270 somno

392 298 597 349 apparuit
631 299 940 339 venustissima
982 298 1092 339 facie
1130 298 1167 339 &
1209 312 1391 352 corpore
1433 298 1658 352 Nympha,

391 365 514 418 cujus
551 366 724 419 speciei,
763 381 819 407 ex
857 367 1051 420 quodam
1087 367 1368 420 sympathico
1400 367 1566 416 fomite,
1599 368 1661 407 ita

392 435 555 484 inarsit,
578 441 624 475 ut
647 436 794 475 subito
818 436 962 476 mollis
986 436 1166 476 flamma
1188 450 1341 476 omnes
1375 436 1468 489 ejus
1500 436 1661 477 resolu-

390 511 459 544 tas
493 505 709 545 medullas
749 507 1036 556 accenderet;
1081 521 1213 560 quam
1260 507 1519 560 Nympham
1559 521 1659 547 curn

391 573 504 613 ulnis
542 573 913 627 comprehendere
951 582 1151 623 tentaret,
1182 575 1268 624 illa,
1297 577 1422 629 quasi
1458 576 1660 616 candidae

392 643 497 682 nubi
540 644 705 691 similis,
746 643 989 696 aufugiens,
1024 651 1192 684 tactum
1236 645 1329 697 ejus
1371 645 1409 686 ἃ
1451 651 1659 685 conatum

392 712 573 752 illudere
614 713 706 752 visa
742 719 834 762 est;
878 713 949 752 ille
983 714 1083 753 inde
1115 714 1423 754 vehementius
1456 714 1662 762 irritatus,

391 780 633 833 fugientem
672 782 858 822 retinere
894 796 1071 831 conam,
1107 782 1298 823 thoracis
1335 784 1399 823 sui
1437 789 1557 823 artus
1600 784 1660 823 ita

391 849 645 899 lacessebat,
668 856 715 890 ut
738 851 775 890 ei
798 851 1020 890 videretur
1043 865 1128 891 una
1151 852 1244 904 ejus
1277 851 1512 892 Costarum
1545 853 1660 892 exsi-

390 918 532 967 luisse,
548 925 722 959 tantum
746 920 863 959 enim
887 920 981 972 ejus
1004 921 1132 960 Mens
1155 921 1414 961 intendebat
1437 935 1603 971 nerVOS,
1621 920 1659 961 &

393 987 479 1028 Cor
520 988 780 1040 exagitabat
823 989 1083 1041 sanguinem
1127 990 1170 1028 in
1213 996 1418 1042 pectore;
1469 996 1515 1030 at
1557 997 1659 1043 post

390 1055 520 1096 luctae
542 1057 746 1109 spatium,
766 1057 848 1097 sibi
870 1057 1187 1110 comprehensa
1203 1058 1446 1108 videbatur,
1464 1059 1531 1099 cui
1555 1064 1660 1099 tunc

389 1125 635 1178 frequentia
677 1126 813 1166 dabat
857 1126 1018 1174 oscula,
1052 1140 1152 1179 quae
1195 1127 1474 1179 ingeminans
1518 1127 1660 1168 multa

389 1201 515 1247 parte
538 1194 752 1235 labiorum
776 1195 951 1248 orisque
974 1195 1200 1236 imbuebat
1222 1209 1230 1245 3
1263 1196 1344 1235 sub
1366 1196 1444 1244 his,
1468 1209 1568 1236 cum
1601 1210 1658 1237 ex

390 1266 504 1304 nova
543 1265 762 1304 emicante
799 1264 979 1304 flamma
1015 1264 1158 1305 adhuc
1195 1264 1268 1305 illa
1309 1265 1532 1318 pulchrior
1566 1267 1660 1306 visa

391 1340 516 1382 esset,
541 1333 688 1373 subito
711 1333 1062 1386 expergefactuS‚
1085 1348 1184 1373 curn
1209 1334 1359 1374 dolore
1387 1335 1656 1388 appercipie-
1702 1348 1705 1352 ·

389 1403 478 1451 bat,
497 1403 615 1455 quod
641 1403 774 1442 modo
792 1404 957 1455 species
975 1404 1118 1442 somni
1137 1403 1289 1443 fuisset
1307 1417 1316 1454 ;
1339 1404 1521 1452 nescius,
1540 1405 1658 1457 quod

391 1472 553 1511 Pomus
595 1472 678 1519 illa,
716 1471 797 1512 sub
831 1473 919 1524 qua
960 1472 1274 1524 requiescebat,
1309 1472 1463 1521 simile,
1495 1486 1545 1512 ac
1581 1487 1660 1513 sua

391 1541 608 1589 Materna,
623 1547 818 1594 portaret
841 1540 999 1587 Ovum,
1016 1555 1072 1580 ex
1095 1554 1183 1593 quo
1199 1541 1344 1580 futura
1367 1541 1460 1593 ejus
1479 1541 1658 1594 Conjux

390 1616 668 1658 nasceretur;
701 1610 910 1662 quodque
939 1609 1021 1650 Illa
1043 1617 1170 1658 esset,
1195 1623 1328 1662 quam
1352 1610 1393 1650 in
1416 1624 1573 1651 somno
1596 1625 1660 1651 re-

390 1685 703 1731 praesentatam
737 1685 864 1719 tanto
898 1692 1048 1719 amore
1081 1679 1296 1728 ambiret;
1329 1678 1367 1719 &
1401 1678 1570 1720 Ramus
1601 1681 1658 1721 ad

390 1755 543 1801 pectus
565 1749 606 1788 in
638 1748 807 1801 gremio
834 1747 926 1800 ejus
959 1747 1229 1796 recumbens,
1254 1761 1386 1801 quem
1422 1748 1533 1788 ulnis
1565 1763 1659 1789 am-

389 1817 683 1870 plecteretur;
731 1831 781 1857 ac
817 1817 1085 1870 ipsissimum
1134 1817 1294 1865 Ovum,
1332 1817 1451 1870 quod
1496 1818 1658 1858 osculis

391 1886 429 1926 &
453 1886 578 1926 labiis
600 1887 921 1939 comprimeret,
946 1885 983 1926 ἃ
1017 1886 1078 1926 sic
1105 1886 1332 1935 Animam,
1354 1899 1412 1926 ex
1435 1887 1525 1936 sua,
1546 1887 1658 1927 vita-

389 1955 475 1995 lem
499 1956 537 1995 ei
561 1955 779 1996 infuderit.

448 2026 512 2065 88.
548 2024 632 2064 His
661 2024 790 2064 valde
818 2030 1003 2072 emotus,
1027 2038 1127 2065 cum
1161 2023 1336 2064 delitias
1368 2037 1458 2063 suae
1485 2024 1657 2076 quietis,

388 2107 465 2147 per
502 2093 722 2146 relapsum
761 2093 804 2132 in
842 2107 1005 2134 novum
1040 2106 1257 2146 soporem,
1287 2098 1516 2142 retentare,
1539 2093 1659 2134 irrita

390 2176 566 2216 semper
588 2163 732 2215 opera,
753 2162 900 2211 vellet,
920 2163 1002 2203 sub
1025 2163 1166 2215 primo
1189 2162 1374 2202 Aurorae
1408 2161 1532 2211 Ortu,
1556 2176 1602 2202 se
1633 2176 1659 2203 a

387 2240 485 2273 toro
520 2233 604 2273 isto
639 2231 825 2280 levabat,
865 2231 903 2272 ἃ
940 2233 1105 2285 priores
1140 2245 1294 2285 passus
1337 2245 1563 2272 remensus
1598 2232 1656 2273 ad

387 2307 563 2342 suumet
587 2300 788 2341 delitium
809 2301 1106 2351 hortulanum,
1130 2314 1205 2341 seu
1233 2300 1473 2354 genitalem
1496 2301 1661 2350 lucum,
