1835 2672
381 130 446 165 130
578 119 762 154 CAPUT
792 118 1110 162 SECUNDUM,
1142 118 1338 153 SECTJO
1369 118 1445 153 ΠΙ.

377 219 565 259 eundem
603 218 893 267 subsistimus,
925 231 1000 257 seu
1037 216 1222 257 vivimus
1255 216 1292 257 &
1325 216 1508 270 agimus.
1569 215 1641 256 Ex

375 288 443 327 his
461 288 553 340 jam
577 287 846 340 perspicitur,
863 286 980 340 quod
1000 285 1170 326 Natura
1192 285 1371 325 minime
1393 298 1499 325 ausa
1521 284 1577 324 sit
1599 283 1641 324 in

375 357 491 397 Vitae
515 363 677 397 nostrae
701 355 932 405 thalamos,
957 354 1035 394 nisi
1062 354 1183 407 jussa
1212 368 1262 394 ac
1291 359 1485 403 evocata,
1506 365 1551 393 se
1579 352 1642 392 in-

376 425 511 475 ferre;
544 425 620 465 sed
643 424 762 478 quod
787 425 1027 477 Supremus
1051 423 1088 463 &
1112 422 1204 475 ejus
1226 422 1379 471 Amor,
1401 421 1641 462 secundum

377 494 631 534 intuitiones
652 493 815 542 finium,
833 493 875 533 id
899 499 976 542 est,
994 492 1235 533 secundum
1255 505 1380 532 suum
1404 491 1643 538 arbitrium,

378 564 594 603 Naturam
638 562 927 615 adoptaverit,
958 561 1221 614 formasque,
1252 574 1428 614 prorsus
1463 559 1519 600 ad
1556 572 1643 608 eos,

377 646 486 685 quos
522 632 724 680 intendit,
760 644 873 679 usus,
907 631 1195 683 adaptaverit.
1271 629 1357 668 Hic
1394 629 1542 681 itaque
1576 633 1642 668 est

379 701 512 750 Ordo,
528 715 584 740 ex
608 713 694 752 quo
718 712 871 739 omnes
889 704 1048 738 nostrae
1067 704 1233 738 naturae
1250 697 1381 750 leges,
1400 697 1437 737 ἃ
1456 697 1643 745 decreta,

378 769 542 819 fluunt;
576 768 614 809 δε
644 768 760 808 unde
791 773 939 807 nostra
971 766 1090 817 fata;
1123 766 1216 806 haec
1247 767 1394 806 omnia
1426 779 1482 806 ex
1515 765 1642 806 unico

378 838 451 878 illo
475 838 615 878 Fonte
639 837 818 877 trahunt
840 849 940 876 suas
960 848 1103 875 venas.
1150 835 1366 888 Suprema
1387 835 1547 887 itaque,
1567 847 1641 874 seu

378 907 529 946 ordine
570 906 804 959 superiora,
841 904 1024 944 influent
1060 905 1102 944 in
1143 904 1358 953 inferiora,
1395 903 1433 944 ἃ
1470 903 1564 944 haec
1600 904 1642 943 in

379 975 544 1024 ultima,
581 987 668 1014 non
709 980 858 1014 autem
899 973 1117 1023 vicissim;
1162 973 1262 1012 inde
1303 972 1505 1012 inferiora
1544 985 1644 1012 suas

378 1044 557 1084 trahunt
575 1044 701 1084 dotes
719 1057 768 1083 ac
787 1042 1100 1096 perfectiones;
1123 1056 1198 1082 seu
1218 1042 1319 1082 inde
1337 1042 1477 1082 fluunt
1492 1054 1644 1081 omnes

377 1113 629 1153 inferiorum
652 1112 906 1152 habilitates
928 1126 979 1152 ac
1002 1112 1213 1165 potentiae
1228 1111 1297 1165 (lc).
1361 1109 1553 1163 Quando
1575 1109 1644 1150 hic

426 1241 478 1285 (la)
510 1242 596 1274 Non
615 1240 723 1275 facile
741 1251 785 1275 ex
804 1240 882 1274 solo
900 1240 1039 1274 lumine
1058 1246 1193 1274 nostrae
1214 1240 1378 1281 Naturae‚
1395 1238 1451 1272 cui
1466 1238 1552 1272 Vita
1570 1249 1644 1272 non

378 1297 546 1331 ordinate
565 1297 672 1340 inest,
686 1296 900 1340 conspicere
915 1307 1123 1340 possumus,
1136 1295 1255 1340 qualis
1270 1295 1329 1329 hic
1346 1295 1448 1328 Ordo
1462 1300 1517 1328 est
1530 1306 1538 1336 ;
1557 1305 1644 1328 nam

378 1352 503 1386 onmia
521 1351 629 1385 nobis
650 1352 699 1385 ita
718 1351 949 1395 complicata,
965 1363 1007 1385 ac
1028 1352 1096 1385 sibi
1116 1357 1243 1384 mutuo
1263 1350 1438 1394 involuta,
1454 1357 1645 1394 apparent,

378 1414 417 1441 ut
436 1419 549 1441 unum
567 1407 615 1441 ab
633 1407 748 1440 altero
767 1407 987 1450 discernere,
1005 1406 1037 1440 δε
1056 1407 1108 1440 sic
1129 1406 1302 1440 distincte
1324 1405 1466 1447 intueri,
1486 1416 1646 1449 nequea-

378 1474 485 1504 mus;
521 1473 609 1495 nam
640 1462 827 1507 ipsissima
859 1463 937 1495 Lux
966 1462 1087 1496 vitalis
1118 1462 1154 1495 in
1185 1461 1388 1495 rationibus
1420 1460 1645 1504 Intellectus,

380 1529 443 1552 seu
462 1518 497 1551 in
517 1518 609 1552 ideis
627 1524 762 1551 nostrae
783 1517 1041 1561 Cogitationis,
1056 1528 1098 1550 ac
1113 1517 1172 1550 hae
1188 1516 1223 1549 in
1239 1516 1330 1550 ideis
1349 1515 1644 1558 Imaginationis,

378 1574 510 1618 haeque
529 1573 659 1607 iterum
678 1573 715 1606 in
744 1572 973 1616 Imaginibus
992 1573 1116 1615 Visus,
1135 1579 1211 1606 tam
1237 1571 1383 1616 penitus
1410 1571 1551 1605 haerent
1577 1570 1643 1604 im-

379 1629 498 1673 plexa,
516 1635 554 1662 ut
578 1628 615 1661 in
639 1628 682 1661 iis
709 1628 897 1672 superiora
922 1638 966 1661 ac
994 1627 1168 1661 inferiora
1194 1626 1406 1660 indistincte
1432 1625 1464 1660 δε
1491 1626 1646 1660 obscure

381 1685 596 1718 intueamur.
651 1683 724 1717 Sed
742 1683 851 1727 hujus
875 1683 1110 1717 obscuritatis
1135 1693 1259 1724 causa,
1278 1688 1332 1716 est
1356 1681 1463 1716 unice
1486 1681 1645 1716 inversio

379 1740 495 1773 nostri
515 1746 644 1782 status,
663 1739 813 1781 scilicet,
832 1739 931 1783 quod
948 1750 970 1772 a
995 1738 1257 1783 posterioribus
1281 1737 1484 1772 evolvenda
1509 1737 1541 1771 ἃ
1566 1747 1645 1782 per-

380 1794 571 1839 spicienda
590 1794 662 1828 sint
678 1794 818 1839 priora;
839 1794 871 1828 &
886 1794 937 1828 sic
953 1794 1111 1838 denique
1126 1793 1367 1838 sapiendum:
1386 1793 1423 1826 in
1438 1792 1646 1837 posteriori-

380 1850 449 1884 bus
468 1850 565 1883 enim
584 1850 700 1884 latent
719 1849 852 1894 priora,
872 1849 965 1883 sicut
985 1849 1020 1882 in
1040 1849 1228 1883 effectibus
1254 1859 1375 1882 causae
1398 1848 1430 1882 ἃ
1453 1847 1645 1892 principia,

380 1905 536 1949 proinde
566 1904 711 1948 penitus
742 1904 836 1938 sicut
864 1905 899 1937 in
926 1904 1082 1938 umbrfr:
1127 1904 1179 1938 Ut
1205 1914 1292 1938 vero
1318 1914 1432 1937 unum
1457 1903 1504 1936 ab
1530 1902 1645 1936 altero

381 1959 547 2004 prodeat,
566 1959 597 1993 &
616 1959 790 1993 distincte
809 1959 1027 2002 intueamur,
1046 1969 1240 1993 necessum
1258 1964 1313 1992 est
1331 1969 1352 1991 a
1374 1957 1496 2002 priori,
1515 1968 1579 1991 seu
1598 1957 1646 1991 ab

381 2016 462 2059 ipsa
492 2014 583 2057 luce,
615 2014 691 2048 sive
721 2014 901 2059 inspirata
932 2014 1008 2048 sive
1035 2014 1220 2056 revelata3
1255 2013 1288 2047 ἃ
1310 2013 1362 2047 sic
1388 2024 1453 2057 per
1479 2012 1646 2046 ordinem

381 2070 505 2113 istum,
524 2070 569 2103 de
588 2080 660 2113 quo
688 2069 724 2102 in
750 2070 820 2104 hoc
847 2070 1001 2104 articulo
1027 2070 1170 2113 agitur:
1197 2080 1284 2102 nam
1311 2080 1332 2102 a
1359 2067 1535 2113 superiori
1561 2078 1646 2101 con-

381 2124 551 2170 templari
579 2124 663 2158 licet
691 2124 873 2168 inferiora,
901 2136 975 2158 non
1005 2132 1129 2159 autem
1159 2124 1347 2165 vicissim3
1382 2123 1537 2168 proinde
1569 2123 1645 2156 Lux

382 2179 638 2215 intellectualis
663 2179 766 2224 quasi
793 2180 1001 2224 separanda
1025 2186 1079 2214 est
1104 2191 1125 2213 a
1148 2179 1285 2213 lumine
1309 2185 1461 2223 naturae,
1483 2178 1541 2213 cui
1565 2178 1646 2223 plus

382 2236 523 2270 umbrae
553 2246 663 2280 quam
695 2235 786 2268 lucis
817 2235 936 2276 inest3
972 2236 1004 2269 δε
1035 2235 1086 2269 sic
1122 2236 1229 2268 Mens
1260 2234 1452 2278 removeri,
1479 2234 1511 2268 &
1541 2233 1646 2278 quasi

382 2291 563 2326 excubare
581 2290 629 2324 ab
647 2290 784 2333 animo,
803 2290 834 2324 ἃ
853 2301 875 2324 a
894 2302 1068 2325 sensuum
1093 2290 1244 2334 objectis
1269 2289 1519 2331 crassioribus.
1572 2288 1645 2323 Sed
