1835 2672
356 93 420 127 126
551 93 734 129 CAPUT
763 93 1084 139 SECUNDUM,
1120 94 1314 130 SECTIO
1343 96 1418 130 III.

352 189 391 230 &
426 190 688 243 Sapientias,
723 190 1020 244 transcripsit;
1058 191 1190 244 idque
1224 191 1281 231 ab
1316 191 1421 245 ipsis
1454 190 1616 241 formis,

352 272 462 311 quas
486 258 657 299 Lumen
681 258 719 299 δι
744 258 874 300 Calor
891 259 1020 308 Solis,
1043 273 1120 312 per
1141 260 1285 300 radios
1309 274 1421 310 suos,
1445 262 1615 314 peperit

353 327 392 367 &
425 327 624 378 reflexit,
660 327 754 368 haec
791 328 907 368 enim
939 328 1062 380 quasi
1100 334 1253 369 mutuo
1289 329 1456 379 sumsit,
1486 343 1535 370 ac
1571 330 1614 370 in

354 396 483 437 fibras
513 396 551 436 ἃ
585 397 814 446 musculos,
842 397 958 437 unde
990 397 1187 438 membra
1221 397 1258 438 ἃ
1294 398 1432 438 teneri
1465 411 1615 438 earum

352 471 481 514 artus,
499 465 733 515 transtulit,
751 466 852 506 inde
873 472 1021 506 nostra
1045 466 1251 519 Corpora,
1273 467 1315 506 in
1339 467 1498 519 quibus
1522 467 1616 521 ipsa

353 535 445 587 agit
478 535 697 585 animam;
731 535 769 575 &
804 535 907 587 quia
940 548 1015 588 per
1046 534 1180 585 illam,
1210 549 1287 588 per
1321 535 1508 577 Caeleste
1541 542 1617 576 aut

355 602 594 656 Spirituale
618 603 801 653 Lumen,
819 603 1035 656 hujusque
1059 603 1271 652 Calorem,
1290 618 1366 645 seu
1388 604 1616 654 Amorem,

353 673 490 712 vitam
514 679 707 712 nostram
732 672 942 720 vivimus;
974 672 1016 711 id
1035 678 1159 724 potes
1178 673 1269 724 ipse
1292 673 1333 712 in
1353 686 1423 713 me
1445 674 1617 727 conspi-

352 742 438 781 cari
452 755 460 791 ;
478 747 609 791 tuere,
620 741 654 780 si
669 741 823 794 placet,
835 754 980 780 meum
991 742 1145 791 sinum,
1157 755 1254 782 mea
1268 748 1458 795 pectora,
1469 756 1616 783 meum

352 810 535 859 vultum,
551 815 683 862 atque
697 823 830 859 meos,
846 810 1004 862 quibus
1019 815 1062 849 te
1077 810 1208 850 etiam
1224 811 1420 864 respicio,
1434 811 1618 862 ocellos;

354 892 498 919 nonne
534 879 668 927 vides,
702 892 835 931 quam
872 885 1227 928 consentaneum,
1259 886 1336 920 aut
1367 894 1499 933 quarn
1532 882 1618 921 sin-

353 947 516 1000 gularis
538 948 767 988 consensio
790 947 845 987 sit
867 948 1076 995 omnium,
1101 961 1200 1001 quae
1221 962 1246 989 a
1271 955 1428 990 natura
1455 950 1618 999 mundi,

355 1016 393 1057 ἃ
430 1030 455 1057 a
492 1016 598 1056 Vita
636 1016 744 1057 Caeli
777 1016 1017 1066 trahimus;
1059 1016 1128 1057 hic
1160 1031 1246 1057 non
1280 1031 1415 1058 unum
1447 1019 1620 1059 Lumen

355 1091 567 1125 extenuat
608 1091 684 1125 aut
726 1085 946 1125 inumbrat
988 1085 1187 1136 alterurn,
1231 1100 1309 1127 nec
1352 1101 1463 1127 unus
1504 1087 1621 1129 calor

354 1154 535 1194 hebetat
570 1153 608 1194 ἃ
647 1154 903 1207 exstinguit,
935 1154 1133 1203 alterum,
1167 1155 1243 1195 sed
1280 1169 1414 1196 unum
1446 1170 1620 1210 prorsus

351 1237 449 1263 cum
479 1222 627 1273 alterO,
656 1224 767 1263 sicut
796 1224 928 1263 etiam
959 1223 1001 1263 in
1030 1229 1125 1264 toto
1152 1229 1229 1264 tuo
1259 1224 1466 1278 Corpore,
1488 1225 1619 1274 facit;

354 1292 459 1333 Vita
487 1292 525 1333 &
556 1298 711 1332 natura
740 1293 783 1332 in
815 1292 955 1332 Nobis
984 1293 1044 1333 ita
1071 1294 1322 1342 concordat,
1348 1300 1396 1334 ut
1423 1294 1620 1335 vivamus

355 1368 567 1414 tanquam
606 1374 741 1401 unum
780 1360 818 1401 ἃ
855 1361 999 1401 idem:
1046 1376 1103 1402 ex
1140 1361 1221 1402 hac
1255 1363 1426 1412 unione,
1461 1370 1622 1404 nostrae

358 1430 499 1477 facies,
541 1431 643 1482 quia
688 1429 1001 1470 Heliconiades
1042 1444 1204 1480 sumus,
1247 1438 1474 1485 apparent,
1510 1433 1622 1473 sicut

356 1500 498 1548 credo,
509 1505 555 1538 ut
569 1498 847 1548 Venustates,
862 1499 1086 1552 nostrique
1102 1505 1225 1540 actus
1241 1507 1287 1540 ut
1300 1501 1621 1553 Jucunditates,

357 1568 534 1608 dixeras
571 1567 613 1607 id
657 1567 761 1607 mihi
798 1568 1021 1620 quondam
1059 1569 1101 1608 in
1139 1582 1315 1609 aurem:
1362 1570 1438 1610 sed
1477 1570 1622 1611 Mater

358 1709 431 1751 fiat,
453 1714 624 1742 naturam
650 1715 780 1743 evocat
806 1708 843 1742 in
870 1720 992 1754 opem,
1019 1709 1051 1744 ἃ
1077 1721 1142 1754 per
1167 1710 1268 1744 illam
1296 1711 1413 1746 tendit
1440 1710 1489 1746 ad
1515 1723 1620 1746 suam

358 1771 495 1798 metam
515 1776 521 1797 2
547 1764 597 1798 ita
626 1764 696 1797 sibi
719 1764 838 1808 primo
862 1764 1049 1808 quendam
1073 1766 1178 1810 quasi
1202 1767 1329 1801 orbem
1354 1767 1470 1810 struit,
1490 1767 1551 1812 qui
1576 1767 1623 1802 sit

358 1820 571 1864 complexus
597 1830 793 1853 causarum
819 1819 851 1854 ἃ
877 1820 1085 1862 effectuum,
1104 1821 1164 1865 qui
1192 1822 1284 1856 fines
1311 1822 1401 1857 istos
1426 1822 1563 1857 vehant
1590 1822 1622 1857 &

358 1875 586 1920 perducant3
622 1886 666 1909 ex
691 1875 815 1920 paruis
842 1887 907 1920 per
932 1877 1219 1920 comparationis
1245 1878 1343 1911 viam
1369 1877 1512 1922 majora
1537 1878 1622 1912 licet

360 1930 682 1974 comprehendere.
720 1930 828 1974 Quod
847 1930 958 1964 etiam
974 1931 1132 1965 Lumina
1147 1932 1208 1966 illa
1222 1932 1397 1967 distincta
1412 1933 1494 1976 sint,
1508 1933 1621 1967 etiam

360 1997 382 2020 a
411 1985 598 2020 Mentibus
624 1986 760 2019 nostris
787 1985 914 2030 liquet,
932 1997 1014 2030 quae
1043 1987 1129 2021 Sole
1154 1988 1269 2022 nostri
1297 1988 1430 2022 Mundi
1456 1989 1622 2032 absente,

359 2042 453 2075 sicut
472 2047 594 2083 noctu,
612 2040 722 2085 inque
742 2041 860 2074 Caecis
878 2047 954 2075 tam
973 2042 1070 2076 natis
1088 2053 1200 2087 quam
1226 2042 1344 2085 factis,
1363 2054 1468 2088 aeque
1491 2043 1623 2078 intelli-

359 2097 483 2141 gentia
508 2096 645 2139 vigent,
667 2095 741 2129 imo
767 2107 810 2129 eo
837 2096 984 2140 puriore
1010 2097 1042 2131 ἃ
1068 2098 1336 2141 praestantiore‚
1354 2109 1426 2143 quo
1452 2099 1575 2132 minus
1601 2109 1624 2133 a

360 2151 498 2185 lumine
526 2150 657 2184 Mundi
684 2150 996 2186 interturbamur:
1042 2153 1142 2186 Inter
1168 2154 1321 2188 Veteres
1346 2154 1458 2187 etiam
1484 2164 1623 2188 memo-

358 2214 485 2241 rantur
504 2206 632 2250 Sophi,
649 2206 710 2250 qui
730 2212 767 2239 ut
788 2206 965 2251 spirituali
992 2208 1063 2241 luci
1086 2216 1273 2250 vacarent,
1290 2209 1410 2243 visum
1434 2209 1489 2243 sui
1513 2210 1621 2253 oculi,

359 2269 398 2297 ut
415 2262 492 2306 ejus
511 2261 633 2296 lumen
653 2261 936 2305 exstinguerent,
955 2262 1076 2297 studio
1094 2263 1342 2299 occaecavisse
1359 2263 1538 2300 dicuntur.
