1835 2672
311 164 357 198 68
523 163 707 198 CAPUT
735 163 1055 205 SECUNDUM,
1091 162 1285 197 SECTIO
1318 162 1371 196 II.

315 261 490 314 gradus,
512 261 733 314 paulisper
754 261 1026 310 attenuabat,
1050 261 1088 301 &
1112 261 1254 301 minus
1284 260 1514 314 splendida
1532 273 1579 300 se

316 331 549 383 praecinxit
590 330 716 383 palla,
760 330 798 370 ἃ
841 331 1020 370 tandem
1063 331 1118 371 ad
1162 330 1364 370 ultimum
1406 335 1578 383 postem

317 399 656 452 deveniens<f),
699 413 745 439 se
787 399 1023 448 umbratili,
1066 399 1141 439 sed
1185 412 1323 451 usque
1362 397 1581 451 pellucida

317 468 552 508 amiciebat
572 470 688 521 toga,
713 468 884 508 addidit
907 468 1039 508 etiam
1064 467 1274 508 Gemmas
1296 468 1370 507 sed
1401 466 1581 519 crystal-

318 538 453 577 linas:
495 539 555 578 ita
587 552 610 577 e
642 552 756 577 novo
786 551 958 590 semper
988 551 1034 577 se
1065 537 1324 590 composuit,
1354 549 1491 589 usque
1524 536 1579 576 ad

318 619 543 646 occursum
568 606 830 659 Imaginum,
854 619 951 658 quae
975 620 999 646 a
1031 606 1229 646 Luminis
1258 605 1422 646 Solaris
1451 605 1582 645 radiis

319 688 443 714 suam
481 675 666 714 formam
705 681 986 725 mutuantur;
1019 688 1127 727 quas
1163 675 1286 723 visas,
1319 674 1400 714 sub
1436 675 1579 727 ipsum

319 742 462 791 limen,
486 743 597 783 circa
620 743 823 783 ultimum
846 757 935 782 suae
965 743 1092 782 scalae
1115 742 1312 795 gradum,
1336 743 1488 783 amicis
1512 755 1581 782 os-

320 811 428 851 culis
451 811 489 851 &
508 811 787 864 amplexibus
805 812 1000 864 excepit:
1031 812 1098 850 hae
1113 824 1216 851 vero
1233 825 1331 851 cum
1350 811 1582 851 redderent

321 881 449 928 vices,
475 879 590 919 illico
617 893 663 920 se
692 880 950 920 reformatas
977 880 1235 928 sentiebant,
1260 880 1371 920 adeo
1401 887 1446 919 ut
1476 881 1580 920 dum

321 962 367 988 se
397 954 550 988 mutuo
580 948 852 1000 inspicerent,
875 962 1043 988 sorores
1076 962 1121 988 se
1153 962 1239 988 non
1271 948 1459 1001 amplius
1490 949 1583 1001 dig-

321 1031 499 1057 noscere
520 1023 728 1070 possent,
761 1030 863 1057 nam
888 1017 1000 1057 Diva
1023 1017 1095 1057 illa
1123 1030 1198 1057 seu
1229 1017 1411 1070 Regina,
1436 1018 1584 1057 osculo

321 1100 400 1127 suo
431 1086 469 1127 ἃ
501 1086 725 1139 amplexu,
758 1086 819 1136 iis,
851 1087 985 1126 vitam
1019 1100 1076 1126 ex
1108 1087 1202 1136 sua,
1225 1086 1394 1135 infudit,
1420 1093 1466 1126 ut
1497 1099 1583 1126 non

369 1227 432 1272 (f)
464 1228 566 1262 Sicut
585 1240 696 1273 supra
715 1229 918 1262 indicatum
936 1234 1001 1270 est,
1018 1227 1097 1272 ipsa
1115 1227 1233 1261 forma
1253 1227 1435 1272 Corporis,
1454 1227 1491 1261 in
1509 1227 1584 1261 suis

323 1283 437 1326 fibris,
456 1295 540 1328 quae
558 1296 687 1318 omnes
707 1285 739 1318 δε
758 1284 922 1328 singulas
946 1284 1105 1317 fabricas
1129 1283 1302 1326 excitant,
1320 1289 1376 1317 est
1400 1283 1518 1317 solum
1541 1294 1585 1317 ex

322 1338 482 1379 Anima3
509 1350 596 1371 nam
624 1339 724 1373 fibrae
752 1345 835 1373 sunt
861 1339 938 1383 ejus
965 1338 1237 1382 productiones,
1263 1349 1419 1382 quarum
1445 1338 1585 1383 primae,

322 1394 408 1438 quia
428 1405 500 1427 non
521 1395 691 1428 convenit
712 1405 846 1428 nomen
864 1394 1130 1439 productionis,
1145 1394 1216 1427 illae
1234 1393 1312 1438 ejus
1327 1394 1584 1437 eradiationes,

323 1461 388 1483 seu
407 1450 537 1482 harum
556 1449 894 1492 determinationes,
908 1449 1104 1493 appellatae
1121 1456 1215 1483 sunt.
1254 1449 1306 1483 Ut
1323 1460 1409 1493 ergo
1428 1449 1489 1482 illa
1507 1455 1584 1483 tarn

324 1505 360 1538 in
386 1504 524 1538 ultimis
551 1516 663 1549 quam
690 1505 726 1538 in
753 1505 880 1549 primis
906 1512 1014 1547 esset,
1033 1515 1096 1538 seu
1121 1504 1157 1537 in
1182 1503 1317 1538 infimis
1344 1504 1438 1538 sicut
1463 1504 1500 1537 in
1526 1515 1585 1537 su-

323 1560 471 1604 premis,
486 1560 608 1603 fibras,
624 1560 661 1593 in
679 1571 771 1604 quas
791 1559 990 1593 essentiam
1008 1559 1054 1593 de
1073 1570 1112 1593 se
1130 1559 1371 1603 transcripsit,
1384 1559 1434 1593 ita
1452 1559 1585 1593 iterum

324 1616 356 1650 8:
375 1615 505 1649 iterum
524 1615 742 1659 composuit,
759 1615 790 1649 δε
809 1615 1095 1659 compositiones
1114 1615 1212 1648 vasis
1231 1615 1454 1659 sanguineis,
1473 1614 1585 1648 etiam

324 1682 369 1704 ex
395 1670 494 1703 fibris
522 1670 599 1714 ejus
626 1670 877 1712 conformatis,
898 1670 1078 1713 instruxit,
1103 1677 1141 1704 ut
1169 1670 1236 1704 sub
1262 1670 1385 1714 specie
1412 1670 1585 1714 Corporis

327 1725 502 1768 Organici
521 1732 751 1769 apparerent,
772 1725 804 1759 Sc
822 1724 930 1759 simul
948 1732 1166 1769 praestarent
1183 1736 1282 1767 usus,
1300 1736 1403 1770 quos,
1422 1737 1444 1758 a
1467 1725 1585 1769 primo

325 1780 494 1823 stamine,
513 1788 550 1813 ut
570 1780 672 1822 fines,
691 1780 909 1814 intenderat.
963 1781 1065 1814 Nihil
1084 1781 1182 1814 enim
1205 1788 1338 1825 praeter
1354 1781 1530 1814 Animam
1549 1781 1586 1814 in

326 1837 489 1880 Corpore
513 1836 613 1879 vivit,
637 1835 715 1880 ejus
741 1843 796 1870 est
821 1836 942 1870 omnis
969 1836 1030 1870 illa
1056 1836 1141 1880 vita,
1168 1847 1250 1881 quae
1277 1836 1454 1871 Sensibus
1480 1836 1586 1879 inest,

324 1891 411 1935 quia
445 1891 557 1933 fibris,
587 1902 670 1935 quae
703 1891 926 1925 modificatae
960 1891 1058 1925 illico
1091 1891 1294 1925 secundum
1323 1891 1480 1926 formam
1509 1902 1586 1925 suae

326 1946 618 1990 compositionis,
645 1946 831 1987 sentiunt;
865 1957 978 1991 quare
1002 1947 1140 1980 Anima
1165 1947 1298 1981 dicitur
1323 1958 1346 1980 a
1370 1958 1436 1981 suo
1462 1946 1586 1990 adyto,

326 2012 390 2036 seu
410 2001 554 2035 summa
572 2001 662 2043 tede,
676 2013 740 2045 per
757 2002 893 2045 gradus
908 2009 1086 2047 tanquam
1103 2002 1225 2046 scalae,
1237 2002 1484 2043 descendisse,
1498 2002 1586 2035 dum

327 2069 350 2090 a
374 2057 493 2090 forma
519 2057 585 2090 sua
611 2058 783 2101 suprema
809 2057 857 2091 ad
883 2057 1059 2091 infimam.
1110 2058 1247 2091 Anima
1267 2057 1365 2092 enim
1383 2064 1459 2090 tam
1477 2057 1586 2091 realis

327 2111 535 2146 substantia
560 2119 628 2153 est,
648 2119 687 2145 ut
712 2123 840 2146 omnes
868 2112 1041 2157 Corporis
1069 2113 1295 2155 substantiae,
1319 2123 1401 2156 quae
1426 2112 1586 2146 vivendo

327 2174 454 2211 agunt,
479 2178 523 2202 ex
555 2167 618 2200 illa
651 2167 735 2209 sint,
762 2167 794 2201 S:
823 2168 974 2202 audiant
1001 2168 1227 2212 substantiae,
1254 2168 1318 2202 sed
1345 2168 1585 2212 compositae:

331 2224 476 2268 Quippe
498 2234 607 2256 omne
633 2223 888 2267 Composiium
912 2230 968 2258 est
990 2224 1102 2257 modo
1127 2223 1416 2258 substantiarum
1439 2234 1588 2256 suarum

329 2278 551 2322 simplicium
577 2284 842 2321 aggrega1um3
869 2289 936 2312 nec
961 2279 1159 2323 quicquam
1182 2285 1238 2313 est
1261 2289 1346 2312 vere
1369 2279 1588 2322 substantia,

328 2345 441 2379 quam
458 2343 641 2378 supremi,
660 2344 743 2377 quae
763 2332 845 2367 ideo
864 2341 1014 2368 vocatur
1032 2334 1240 2369 substantia
1257 2334 1422 2368 simnlex.
