1783 2760
480 157 558 191 DE
593 157 741 192 ORTU
766 157 1151 193 PRJMOGENJTJ.
1403 167 1438 202 51

185 253 263 293 sua
284 254 533 303 instantem,
555 259 602 294 ut
624 267 784 294 novum
806 253 984 294 vitalem
1005 254 1225 307 hospitem
1250 255 1287 295 &
1317 255 1440 308 spiri—

183 326 290 369 tum,
308 336 386 375 pro
403 336 488 375 quo
506 323 706 375 jamdum
725 328 946 363 struxerat
961 322 1106 363 aditus
1131 323 1168 364 &
1191 323 1438 376 penetrales

185 388 414 436 thalamos,
437 391 612 431 naribus
643 390 680 430 ἃ
707 396 882 444 pectore
910 390 1137 431 hauriebat
1151 392 1243 444 <y);
1278 392 1315 432 &
1350 392 1442 445 ejus

185 457 450 499 adminiculo
510 458 759 511 palaestram
816 459 1181 499 exercitationum
1233 461 1442 513 aperiens,

186 539 339 579 operas
361 527 425 567 sui
447 528 648 580 corporis,
673 542 770 581 quae
790 528 991 580 jamdum
1014 529 1055 568 in
1080 530 1276 581 potentia
1306 535 1439 578 erant,

186 594 225 635 &
248 596 529 645 conabantur,
553 597 594 636 in
617 611 694 637 sua
720 598 869 637 munia
897 597 1132 638 excitabat.
1195 598 1441 638 Lectissimi

187 661 312 703 flores
334 664 610 705 circumcirca
624 665 714 705 'hoc
742 665 896 713 cubile,
919 666 975 705 ab
997 666 1094 706 imis
1116 666 1203 706 suis
1226 667 1442 707 meatibus

182 730 275 783 jam
317 732 585 774 exhalabant
622 734 788 782 odores,
827 740 874 773 ut
911 748 987 787 per
1023 747 1096 774 eos
1134 735 1220 774 aeri
1256 741 1444 775 attracto

188 799 363 850 infusos,
387 803 519 841 etiam
546 808 833 854 penetrarent,
857 802 894 842 δε
922 816 1097 842 omnem
1131 803 1316 843 Infantis
1346 817 1444 844 san-

186 869 362 921 guinem
385 884 409 910 a
437 869 578 910 Corde
605 870 697 922 jam
730 871 908 910 obvium
943 870 980 911 ἃ
1013 871 1099 911 aeri
1132 878 1443 919 occurrentem,

188 937 317 978 lautis
355 938 392 978 ἃ
430 939 677 991 epularibus
707 939 845 988 donis,
876 938 1197 979 exhilararent:
1239 940 1444 993 quicquid

190 1013 280 1047 erat
303 1007 345 1046 in
374 1014 539 1047 naturae
570 1007 747 1060 Regnis,
768 1008 824 1057 id,
847 1013 1058 1061 tanquam
1087 1009 1319 1057 conscium,
1343 1021 1444 1048 nam

240 1158 295 1203 (y)
325 1159 433 1204 Quod
450 1171 515 1204 per
534 1160 709 1204 Spiritum
727 1160 887 1194 Vitalem
904 1160 1051 1194 Adamo
1070 1161 1229 1195 infusum
1245 1156 1378 1195 Genes.
1398 1161 1447 1194 II.

192 1222 223 1256 7,
249 1225 322 1248 non
348 1215 532 1249 intellecta
558 1216 603 1249 sit
628 1216 775 1258 Anima,
802 1221 982 1259 quatenus
1012 1217 1119 1250 Mens
1147 1216 1357 1260 spiritualis,
1383 1216 1449 1250 sed

192 1269 310 1302 solum
339 1270 422 1311 Aer,
450 1281 513 1313 per
543 1281 652 1314 quem
684 1270 904 1314 Respiratio,
931 1270 963 1304 δε
989 1270 1109 1304 activa
1135 1270 1248 1314 ipsius
1276 1270 1448 1314 Corporis

190 1324 275 1367 vita,
294 1335 367 1358 non
386 1325 503 1358 solum
524 1336 567 1359 ex
593 1325 681 1369 ipsis
707 1325 837 1368 verbis,
857 1325 922 1359 sed
945 1325 1057 1359 etiam
1081 1336 1102 1358 a
1119 1326 1303 1370 parallelis
1325 1326 1448 1359 Sacrae

194 1379 390 1424 Scripturae
419 1380 520 1422 locis,
547 1380 748 1413 admodum
774 1381 870 1414 clare
896 1380 1040 1414 elucet:
1080 1381 1204 1414 Verba
1229 1381 1328 1414 enim
1354 1387 1451 1423 sunt,

191 1434 211 1450 “
226 1435 347 1478 Quum
363 1435 451 1468 Iova
467 1436 568 1469 Deus
590 1435 789 1469 Hominem
808 1447 851 1469 ex
869 1442 973 1469 terrae
991 1435 1140 1479 pulvere
1154 1436 1398 1477 formavisset,
1414 1436 1450 1469 in

191 1490 268 1534 ejus
285 1490 403 1523 Nares
420 1490 595 1534 Spiritum
609 1490 757 1523 vitalem
773 1490 972 1534 inspiravit,
986 1501 1028 1524 ex
1042 1501 1114 1534 quo
1127 1491 1309 1524 Animans
1326 1491 1451 1524 Homo

192 1545 341 1579 effectus
359 1552 414 1579 est
426 1546 441 1559 ''
459 1558 465 1579 :
507 1546 601 1579 Tam
621 1557 664 1579 ex
686 1545 931 1590 Inspiratione
950 1557 1012 1579 seu
1031 1546 1215 1579 insufflatu
1234 1557 1298 1590 per
1318 1547 1451 1588 Nares,

192 1611 303 1645 quam
320 1611 363 1634 ex
381 1600 617 1634 Animatione
641 1612 702 1634 seu
726 1600 967 1644 respiratione
991 1600 1076 1634 inde
1100 1600 1264 1643 oriunda,
1284 1601 1451 1645 patescit,

193 1655 291 1700 quod
309 1666 372 1700 per
389 1667 471 1689 eum
490 1656 675 1700 Spiritum,
696 1655 867 1699 Corporis
886 1655 963 1699 ejus
982 1655 1096 1689 vitam
1113 1656 1305 1699 aperuerit.
1356 1657 1452 1690 Prae-

192 1717 300 1753 terea,
327 1711 425 1755 quod
455 1711 596 1745 Ventus
627 1711 659 1744 δε
684 1710 944 1754 Atmosphaera
969 1721 1088 1752 aerea,
1114 1721 1225 1754 quam
1254 1710 1451 1745 Pulmones

193 1766 382 1810 respirant,
398 1766 434 1799 in
454 1766 588 1809 Sacris,
602 1778 674 1800 non
691 1766 803 1800 semel
821 1766 977 1809 Spiritus
993 1766 1150 1799 Divinus
1165 1766 1334 1808 audiat,a
1349 1766 1451 1807 locis,

193 1827 232 1855 ut
246 1821 384 1855 dictum
398 1828 465 1864 est,
477 1821 659 1865 parallelis
675 1821 706 1854 &
720 1820 827 1865 hujus
843 1821 1112 1864 interpretibus,
1125 1827 1295 1854 constare
1309 1827 1428 1864 potest
1443 1834 1450 1857 ;

194 1883 232 1910 ut
258 1888 280 1910 a
311 1877 443 1910 Genes.
473 1877 561 1920 Cap.
588 1877 653 1910 VI.
680 1887 772 1909 vers.
805 1884 854 1918 17.
883 1876 970 1919 Cap.
998 1876 1085 1909 VII.
1114 1886 1206 1909 vers.
1239 1884 1287 1919 15.
1318 1876 1453 1910 Psalm.

197 1932 293 1965 CIV.
321 1931 374 1965 28.
404 1942 457 1975 29.
484 1938 522 1965 ut
557 1931 675 1964 solum
709 1931 791 1964 heic
825 1930 975 1964 recitem
1004 1931 1136 1964 Genes.
1163 1931 1251 1963 VII.
1278 1941 1370 1964 vers.
1399 1940 1452 1964 22.

198 1986 334 2020 Omnia
351 1998 573 2031 qurecunqzte
596 1988 634 2020 in
660 1985 761 2020 terni
784 1986 937 2019 vitalem
960 1986 1135 2030 spiritum
1161 1986 1328 2019 Naribus
1352 1986 1454 2019 duce-

194 2041 290 2084 bant,
310 2045 456 2074 marma
480 2045 577 2075 sunl.
630 2041 745 2075 Exod.
766 2041 845 2075 XV.
867 2041 897 2074 8.
927 2050 977 2074 10.
1000 2040 1070 2074 Ad
1096 2041 1129 2073 T
1127 2052 1263 2074 aarum
1286 2040 1453 2074 [Varium

195 2097 348 2130 Flatum
367 2101 585 2130 coacervasse
602 2100 690 2130 sunt
707 2108 822 2140 czquoe,
841 2107 864 2129 a
886 2096 920 2128 T
918 2107 945 2138 e,
959 2096 1097 2140 spiritu
1115 2096 1180 2129 illo
1186 2096 1318 2140 flante,
1334 2096 1458 2129 obruti

194 2155 283 2185 sunt
307 2152 414 2185 mari.
438 2152 485 2185 II.
508 2152 596 2195 Reg.
617 2152 742 2184 XXII.
768 2150 817 2184 16.
837 2151 1003 2183 Narium
1034 2151 1201 2183 Tuarum
1216 2151 1321 2194 flam
1347 2154 1455 2194 alque

197 2207 346 2251 Spiritu
383 2207 561 2251 paquacsz'
591 2210 679 2240 sunt
717 2206 844 2239 M‘aris
876 2206 1058 2250 gurgites.
1123 2205 1193 2248 Job
1225 2206 1388 2239 XXVII.
1424 2215 1453 2247 3.

200 2262 387 2306 Quamdiu
405 2262 554 2295 durabit
570 2263 610 2296 in
630 2273 684 2296 me
701 2262 738 2295 F
736 2262 846 2305 lalus,
866 2262 913 2296 ὅγ’
930 2261 970 2295 in
988 2262 1091 2295 ,Naso
1115 2261 1304 2294 Divinum
1327 2260 1457 2293 habebo

197 2317 381 2361 spiritum,
402 2317 465 2351 &c.
487 2317 550 2351 ἃς.
