1783 2760
453 193 530 228 DE
570 193 789 228 VJVARIO
821 192 1096 227 PARADJSJ.
1362 202 1399 236 31

148 291 365 333 continuis
387 291 426 331 ἃ
449 290 673 331 effectibus
695 289 734 330 ἃ
755 289 915 338 usibus,
937 289 999 329 ita
1025 289 1198 341 junctis,
1222 296 1270 330 ut
1299 290 1404 330 Cor-

147 375 254 415 pora
273 361 362 401 suis
387 360 649 409 Animabus,
673 358 983 408 efflorescebat,
1008 357 1046 398 &
1075 359 1254 410 quidem
1282 365 1405 399 tanta

148 429 412 478 amaenitate,
426 435 474 468 ut
490 429 525 468 si
543 442 567 467 a
583 428 734 467 Mente
750 427 954 480 quadarn,
971 440 1046 467 seu
1060 427 1154 467 visu
1169 427 1402 479 superiore,

147 498 220 551 qui
242 497 371 537 simul
392 510 442 537 ac
465 496 655 544 effectus,
678 496 812 536 etiam
833 495 950 548 ipsos
972 508 1075 535 usus
1098 495 1139 534 in
1164 495 1403 543 effectibus,

145 568 348 615 intuetur,
371 571 567 619 spectata
588 565 710 614 foret,
730 565 768 604 ei
790 563 859 604 hic
889 564 1132 612 Paradisus,
1156 570 1247 603 tam
1278 564 1403 603 laetus

144 635 318 684 laetitiis,
342 641 389 675 ut
411 648 498 674 non
520 633 765 682 Terrestris,
787 633 863 673 sed
894 632 1103 681 Caelestis,
1126 634 1403 685 appariturus

145 710 270 745 esset.

205 781 270 824 25.
302 771 535 814 Seminalis
570 771 665 811 haec
701 770 871 810 Natura
907 769 963 809 ab
1000 769 1164 809 intimis
1197 770 1404 817 animata,

141 841 234 894 jam
258 847 429 881 teneras
444 840 765 893 impraegnabat
782 839 1057 887 frondiculas,
1076 852 1173 891 quae
1191 844 1403 890 tanquam

147 923 260 950 nova
284 909 527 951 Seminaria
541 908 579 949 ἃ
595 909 757 950 Ovaria
771 908 1129 955 intumescebant,
1146 906 1184 946 81
1203 906 1403 953 recentia,

147 979 222 1019 sed
233 978 341 1018 alius
349 979 531 1031 generis,
543 978 671 1017 ovula
680 976 1032 1029 excudebantof).
1053 976 1244 1015 Primum
1256 975 1404 1027 itaque

147 1046 428 1088 Animalcula
445 1045 726 1098 ignobilioris,
744 1045 1026 1098 postmodum
1044 1044 1285 1084 illustrioris
1308 1057 1401 1096 pro-

147 1115 293 1169 sapiae,
309 1114 557 1168 prodibant,
573 1114 729 1154 eodem
752 1127 928 1166 prorsus
949 1113 1111 1160 ordine,
1128 1126 1215 1165 quo
1238 1112 1407 1152 Natura

194 1247 242 1291 (ν)
272 1248 358 1293 Ipsa
382 1248 564 1291 Vegetata
590 1247 637 1281 ad
662 1247 853 1282 imitamen
885 1247 1036 1290 Magnae
1067 1247 1211 1290 Matris,
1236 1247 1403 1291 primitus

145 1303 257 1337 etiam
282 1313 384 1337 mera
409 1303 514 1347 quasi
543 1302 749 1336 Seminaria
775 1302 807 1336 δε
835 1302 971 1336 ovaria
996 1302 1108 1345 fuere,
1132 1303 1197 1336 sed
1223 1314 1306 1347 quae
1331 1314 1404 1336 non

146 1357 266 1391 solum
291 1357 346 1391 sui
372 1357 438 1391 sed
463 1357 575 1391 etiam
602 1357 694 1391 alius
722 1368 744 1391 a
770 1368 809 1391 se
838 1357 972 1390 diversi
1001 1357 1146 1401 generis
1175 1357 1298 1401 foetus,
1325 1369 1405 1402 pro-

145 1412 363 1456 gignerent:
401 1413 451 1446 ita
480 1413 578 1446 enim
608 1423 722 1446 unum
750 1412 854 1446 alteri
884 1412 1088 1446 involutum
1113 1412 1240 1456 jacuit,
1266 1420 1305 1446 ut
1331 1424 1406 1446 non

146 1467 247 1510 prius
265 1468 420 1501 alterum
437 1467 611 1511 prodiret,
628 1478 739 1511 quam
758 1467 893 1509 omnia,
906 1467 937 1501 ei
952 1478 1017 1511 pro
1030 1467 1116 1501 vitae
1131 1478 1208 1501 suae
1226 1468 1407 1502 exercitiis

146 1523 179 1556 ἃ
204 1523 485 1557 necessitatibus
510 1523 742 1565 inservitura,
768 1530 898 1566 parata
923 1529 1071 1557 starent.
1123 1523 1180 1556 Ex
1207 1523 1287 1567 ipsa
1314 1524 1406 1558 serie

146 1585 291 1613 ortuum
317 1586 485 1612 constare
511 1584 644 1622 potest,
663 1578 760 1612 unde
784 1578 926 1612 Animae
946 1578 1147 1621 brutorum,
1166 1590 1248 1623 quae
1266 1580 1405 1620 naturis

147 1635 329 1670 seminum
349 1634 466 1678 Regni
484 1634 713 1678 Vegetabilis
733 1634 955 1677 ingeneratae
973 1634 1085 1668 fuisse
1099 1634 1288 1669 dicuntur:
1314 1635 1406 1668 sicut

146 1690 245 1724 enim
262 1689 411 1724 Semina
425 1689 696 1733 Vegetabilium
712 1701 755 1723 ex
767 1690 898 1734 copula
910 1689 1039 1722 virium
1051 1689 1253 1723 activarum
1266 1696 1406 1723 naturae

148 1756 231 1780 curn
256 1745 394 1778 viribus
421 1744 561 1778 inertiae
587 1744 754 1787 Telluris,
773 1744 896 1778 media
918 1744 1124 1778 radiatione
1146 1745 1241 1778 Solis
1266 1746 1407 1787 mundi,

146 1807 272 1835 exorta
289 1800 445 1842 fuerunt,
464 1800 515 1834 ita
531 1800 613 1834 haec
633 1800 794 1842 Semina,
813 1811 895 1844 quae
913 1799 1090 1833 Animata
1111 1806 1207 1843 sunt,
1225 1811 1247 1833 a
1271 1800 1407 1834 Forma

143 1856 205 1890 illa
223 1867 286 1890 seu
305 1855 480 1889 Essentia
499 1855 701 1900 Spirituali,
721 1855 848 1889 formis
867 1866 931 1890 seu
949 1855 1088 1889 viribus
1111 1855 1240 1890 activis
1264 1862 1404 1889 naturae

148 1911 282 1955 infusa,
306 1911 429 1945 media
453 1911 660 1944 radiatione
688 1910 784 1944 Solis
810 1910 906 1953 vitae,
930 1921 1013 1955 quae
1039 1910 1239 1954 spiritualis
1266 1910 1298 1944 Sc
1323 1911 1407 1944 viva

147 1973 225 2007 est:
253 1977 365 2011 quare
382 1966 441 1999 hae
457 1966 543 2000 vitae
561 1965 692 1999 eadem
711 1965 803 1999 serie
827 1965 1067 1999 subordinata
1090 1965 1314 2010 prodierunt,
1333 1966 1406 2010 qua

147 2022 238 2065 ipsae
250 2021 322 2055 illae
333 2021 428 2055 vires
443 2022 606 2064 Naturae,
619 2031 701 2064 quae
715 2020 994 2064 Atmosphaeras
1006 2020 1242 2063 constituunt,
1251 2020 1406 2064 proinde

147 2076 289 2120 eadem,
320 2076 393 2120 qua
422 2076 503 2120 ipsa
535 2075 686 2110 Semina
711 2075 994 2119 Vegetabilium,
1020 2086 1064 2109 ex
1089 2075 1220 2120 quibus
1247 2075 1406 2120 denique

149 2131 297 2165 exclusa
315 2131 468 2165 fuerunt.
521 2131 689 2175 Cumque
714 2131 801 2164 Vita
827 2130 889 2164 illa
913 2142 957 2165 ex
983 2142 1049 2164 suo
1076 2131 1193 2165 Fonte
1218 2131 1309 2164 nihil
1335 2131 1405 2165 nisi

147 2196 260 2230 quam
280 2187 380 2221 Usus
399 2187 523 2231 spirat,
541 2186 574 2220 δε
595 2187 738 2220 Natura
756 2185 847 2219 nihil
863 2185 934 2220 nisi
952 2197 1063 2231 quam
1088 2186 1250 2220 Effectus
1272 2198 1404 2220 usuum

147 2241 275 2285 gratia,
287 2247 388 2285 patet
406 2241 505 2286 quod
523 2241 574 2275 ita
587 2241 784 2285 praevisum
799 2241 831 2274 δε
844 2241 1033 2285 provisum
1045 2241 1164 2283 fuerit,
1177 2248 1216 2275 ut
1231 2241 1299 2285 ipsi
1317 2253 1404 2275 usus

147 2295 241 2330 sicut
259 2295 408 2332 effectus
427 2306 467 2329 se
482 2295 712 2329 recluderent
727 2307 734 2329 ε
760 2295 1060 2330 tenebrosissime
1078 2296 1228 2330 omnino
1247 2296 1403 2339 caecutit,

148 2350 209 2394 qui
227 2350 264 2384 in
281 2350 338 2384 his
356 2361 431 2384 non
450 2350 626 2384 Divinum
644 2350 827 2395 perspicit.
