1835 2672
372 139 418 173 80
484 149 487 152 ’
585 137 769 172 CAPUT
798 136 1118 182 SECUNDUM,
1153 138 1349 173 SECTIO
1382 138 1434 173 II.

372 237 503 290 prius,
519 250 652 290 quam
677 235 823 284 Sacra,
839 236 922 276 ritu
945 250 1002 276 ex
1020 236 1121 276 visis
1141 236 1362 289 inspirato,
1380 235 1638 289 peregerint,

374 319 420 346 se
442 306 497 345 ad
521 305 744 358 regiminis
767 305 831 345 sui
852 305 1048 364 auspicia
1070 304 1370 358 accingebant.

435 383 497 425 52.
531 374 855 426 Primogenitus
907 380 1066 423 noster,
1109 387 1195 413 non
1244 373 1337 425 jam
1382 372 1524 412 infans
1562 371 1639 412 sed

375 442 739 491 adolescentulus,
767 442 810 481 in
840 442 1111 494 quietissimo
1138 442 1291 494 primae
1319 441 1481 494 vigiliae
1510 446 1640 490 statu,

375 526 476 552 nam
501 525 631 551 mane
655 518 760 558 erat,
784 511 1091 551 suavissimum
1124 511 1321 551 Parentis
1349 510 1528 550 Animae
1556 523 1642 550 ser-

377 594 553 620 monem
576 594 674 620 cum
699 579 882 629 filiabus,
905 586 1117 632 tanquam
1145 581 1258 620 intra
1286 593 1331 619 se
1360 584 1643 626 susurratum,

376 649 582 689 distincte
618 649 923 699 auscultabat;
968 649 1061 701 ipse
1096 649 1228 690 etiam
1267 649 1322 689 ab
1358 662 1430 689 ore
1461 648 1566 702 erS,
1596 653 1645 688 ut

378 719 550 772 singula
573 718 736 771 legeret
758 718 902 766 verba,
924 718 1160 770 pependit:
1194 717 1231 758 ἃ
1262 717 1401 764 simul,
1422 718 1528 770 quid
1548 717 1646 757 Vir-

378 788 502 841 gines
526 787 568 826 in
592 786 723 827 Curia
745 787 810 826 sui
836 786 1018 839 Olympi
1047 786 1235 826 viderint
1266 800 1316 827 ac
1345 787 1524 839 egerint,
1546 785 1646 825 sub-

380 855 659 905 intuebatur;
711 861 979 907 quapropter
1020 855 1070 894 iis
1109 854 1164 895 ad
1207 868 1252 894 se
1293 855 1499 903 venturis,
1533 854 1646 894 sicut

377 925 598 971 audiebat,
628 922 804 964 obviam
835 923 1096 975 properavit,
1129 922 1166 963 ἃ
1198 924 1239 963 in
1270 936 1474 976 supremo
1506 922 1644 975 gradu

377 993 570 1046 singulas
585 992 794 1045 amplexu
811 991 1046 1044 excipiens,
1057 992 1300 1032 subridenti
1316 1005 1400 1041 ore,
1412 991 1472 1031 ita
1486 985 1646 1031 affatus

379 1069 444 1103 est
457 1061 515 1115 (n)
535 1075 542 1102 :
574 1061 688 1101 Meae
705 1060 1036 1113 Intelligentiae!
1070 1074 1124 1101 ne
1140 1060 1315 1114 putetis,
1331 1060 1450 1114 quod
1467 1060 1647 1100 minima

430 1203 482 1246 (n)
511 1202 616 1236 Binae
642 1208 727 1237 sunt
752 1201 822 1236 viae
849 1207 910 1235 aut
937 1201 1102 1236 methodi
1129 1201 1286 1236 docendi
1305 1201 1558 1247 discendique,
1574 1212 1649 1235 una

381 1259 525 1300 dicitur,
562 1258 789 1302 Synthetica,
824 1257 939 1291 altera
971 1257 1169 1301 Analytica
1186 1269 1193 1297 3
1237 1257 1298 1291 illa
1333 1268 1398 1291 seu
1433 1257 1650 1301 Synthetica

379 1315 540 1357 inchoat,
560 1325 623 1348 seu
642 1313 845 1356 ingreditur
863 1324 920 1346 res
940 1312 1071 1346 intueri
1090 1313 1138 1346 ab
1157 1312 1308 1356 intimis,
1328 1312 1361 1347 &
1378 1312 1503 1347 evadit
1520 1313 1650 1347 ordine

380 1369 429 1403 ad
447 1370 584 1403 extima
600 1381 606 1409 ;
635 1379 699 1402 seu
717 1369 764 1401 ab
784 1368 873 1412 ipsis
892 1367 1037 1411 finibus,
1050 1374 1113 1401 aut
1132 1379 1153 1401 a
1171 1379 1368 1402 causarum
1386 1367 1650 1412 principiis,ad

382 1425 546 1467 effectus,
560 1424 710 1458 demum
725 1423 772 1456 ad
786 1424 935 1457 ultimos
948 1436 955 1464 ;
976 1423 1074 1467 quod
1088 1423 1187 1457 idem
1200 1430 1267 1465 est,
1280 1423 1484 1457 secundum
1498 1423 1650 1457 modum

381 1480 559 1525 loquendi
578 1486 779 1523 receptum,
799 1490 820 1512 a
842 1479 953 1523 priori
975 1478 1023 1512 ad
1043 1479 1258 1523 posteriora,
1278 1490 1342 1512 seu
1368 1489 1390 1511 a
1415 1479 1568 1521 ratione,
1586 1490 1652 1523 per

383 1535 658 1580 philosophiam
686 1534 836 1577 Mentis,
855 1534 903 1567 ad
926 1544 981 1576 ea,
1000 1544 1082 1578 quae
1104 1545 1168 1578 per
1189 1533 1453 1578 experientiam
1475 1544 1651 1568 sensuum

383 1590 656 1626 confirmantur.
700 1589 827 1623 Altera
846 1599 942 1630 vero,
960 1600 1024 1622 seu
1043 1589 1252 1633 Analytica,
1270 1595 1326 1623 est
1344 1589 1490 1623 inversa
1507 1589 1652 1634 prioris,

383 1657 470 1679 nam
497 1645 710 1689 auspicatur
735 1645 782 1678 ab
809 1644 966 1685 extimis,
994 1655 1107 1689 seque
1134 1645 1230 1679 retro
1258 1645 1316 1678 vel
1344 1644 1439 1679 intro
1467 1644 1579 1689 ducit,
1603 1645 1651 1679 ad

383 1700 570 1742 interiora,
604 1700 744 1734 scilicet
779 1699 827 1733 ab
861 1699 1065 1743 effectibus,
1101 1699 1305 1733 secundum
1346 1699 1513 1733 ordinem
1544 1700 1652 1734 nobis

384 1755 603 1798 naturalem,
626 1755 673 1788 ad
701 1766 844 1798 causas,
871 1755 903 1789 δι
931 1755 982 1789 sic
1009 1755 1168 1799 denique
1194 1755 1242 1788 ad
1268 1755 1459 1800 principia,
1478 1755 1653 1800 ipsosque

386 1811 488 1853 fines,
507 1810 606 1854 quod
625 1810 757 1843 dicitur
778 1821 800 1842 a
824 1810 1017 1854 posteriori
1043 1810 1091 1844 ad
1114 1810 1248 1855 priora,
1267 1821 1331 1843 seu
1357 1811 1404 1844 ab
1430 1810 1654 1855 experientia

387 1877 572 1907 sensuum,
586 1876 650 1909 per
664 1865 939 1910 philosophiam
953 1866 1100 1909 mentis,
1113 1877 1229 1910 usque
1244 1865 1292 1899 ad
1307 1876 1502 1899 causarum
1515 1865 1653 1910 primas

387 1921 420 1956 &
445 1922 617 1955 rationes.
670 1922 738 1955 Per
763 1921 862 1954 viam
891 1921 1156 1965 Syntheticam,
1184 1932 1248 1955 seu
1274 1932 1296 1954 a
1322 1920 1467 1964 finibus,
1495 1920 1527 1955 δε
1554 1920 1606 1954 sic
1631 1932 1654 1954 a

386 1976 577 2022 principiis
612 1975 659 2009 ad
691 1987 823 2009 causas
855 1976 887 2010 ἃς
917 1976 1081 2018 effectus,
1112 1976 1316 2020 procedunt
1346 1986 1475 2009 omnes
1507 1976 1654 2009 Mentes

389 2031 618 2077 Spirituales,
637 2042 724 2064 nam
744 2031 779 2064 in
800 2032 888 2075 ipsis
904 2031 1032 2076 primis
1052 2031 1084 2065 ἃ
1103 2031 1283 2076 supremis
1303 2037 1398 2073 sunt,
1413 2031 1445 2064 δι
1463 2031 1567 2076 quasi
1586 2031 1655 2065 sub

389 2099 429 2122 se
447 2087 635 2121 intuentur
653 2086 725 2128 illa,
745 2098 827 2131 quae
846 2098 911 2120 suo
931 2087 1058 2120 ordine
1074 2086 1121 2120 ad
1135 2087 1266 2121 ultima
1280 2093 1499 2131 sequuntur:
1527 2097 1656 2120 secun-

388 2143 478 2177 dum
504 2141 663 2177 eundern
690 2142 858 2175 ordinem
884 2142 1050 2186 procedit
1076 2142 1187 2176 etiam
1214 2142 1334 2175 omnis
1360 2141 1543 2183 formatio,
1562 2142 1657 2176 sicut

388 2198 599 2244 plantarum
617 2208 639 2230 a
658 2208 723 2230 suo
743 2197 902 2238 semine;
923 2209 1009 2230 nam
1028 2197 1098 2231 hoc
1119 2208 1157 2231 se
1171 2208 1193 2231 a
1207 2197 1396 2242 principiis
1415 2197 1490 2231 suis
1509 2196 1657 2241 expedit

390 2255 423 2289 δε
441 2254 600 2298 explicat
618 2263 734 2297 usque
752 2252 799 2286 ad
818 2260 1022 2286 extremum
1042 2252 1225 2294 effectum,
1244 2252 1277 2286 ἃ
1295 2253 1342 2286 ab
1366 2253 1436 2286 hoc
1462 2259 1593 2297 postea
1616 2263 1657 2286 se

389 2310 438 2344 ad
460 2321 526 2344 sua
549 2308 682 2353 priora,
702 2318 765 2342 seu
792 2308 947 2350 semina,
966 2308 1117 2353 recipit;
1145 2307 1350 2343 secundum
1367 2307 1527 2342 eundem
1542 2307 1655 2342 etiam
