1835 2672
458 164 503 188 20
865 154 1008 189 PARS
1039 154 1311 200 SECUNDA,

459 251 664 294 textrinis
686 251 962 306 productum,
982 253 1232 307 concipiunt
1251 267 1259 302 ;
1291 253 1348 294 ab
1368 252 1436 294 his
1458 252 1564 295 illud
1598 254 1717 295 Prin-

459 322 622 375 cipium
664 321 797 372 fibrae,
829 322 946 375 quod
983 336 1008 363 a
1048 322 1155 363 Vita
1197 322 1373 364 Caelesti
1414 336 1489 363 seu
1524 322 1716 373 Amoris,

459 391 719 444 inspiratum
751 396 828 440 est,
855 397 1044 444 paratur,
1075 391 1113 432 ἃ,
1150 391 1206 432 ad
1242 391 1503 445 principium
1539 392 1716 432 tertium

460 459 582 500 fibrae
616 459 937 500 efformandum
970 459 1180 509 educitur,
1203 474 1260 500 ex
1294 473 1382 513 quo
1415 460 1570 500 ultimo
1600 461 1717 513 prin-

461 529 588 582 cipio,
625 529 693 569 cui
727 528 871 581 priora
905 528 1035 569 simul
1065 529 1224 578 insunt,
1258 529 1388 569 Fibra
1421 529 1642 582 Corporea
1672 530 1716 569 in

461 597 646 638 formam
683 596 888 650 spiralem
918 597 1060 645 ducta,
1088 603 1445 650 coagmentatum
1478 597 1515 638 81
1547 611 1605 638 ex
1635 597 1718 638 hac

460 666 638 706 demum
672 665 715 706 in
747 665 932 705 sormam
964 664 1222 717 sphaericam
1251 665 1594 715 circumfluente,
1618 665 1718 706 ulti-

462 748 559 775 mus
591 733 777 782 Canalis,
799 747 874 774 seu
912 733 1006 774 Vas
1040 734 1339 785 sanguineum,
1361 735 1428 774 cui
1454 734 1547 787 jam
1569 735 1718 775 omnia

462 804 505 843 in
537 804 645 843 serie
676 802 937 842 simultane&
969 802 1222 851 inexistunt,
1253 802 1534 844 convolvitur.
1595 803 1717 844 Talis

463 878 529 913 est
550 871 774 924 generatio
798 870 1056 910 Formarum
1079 870 1396 924 Organicarum
1419 871 1635 925 Corporis,
1660 886 1718 912 ex

463 942 562 994 qua,
584 946 631 981 ut
653 941 696 980 in
718 939 907 993 speculo,
929 940 1022 993 ipse
1045 939 1167 982 Ordo
1189 954 1214 980 a
1238 939 1453 993 Supremo
1484 941 1720 991 institutus,

463 1009 831 1063 contemplandus
864 1009 1038 1049 sistitur.
1103 1008 1190 1050 Hic
1227 1009 1349 1051 Ordo
1382 1009 1462 1063 ipsi
1505 1009 1719 1063 Supremo

465 1085 627 1128 nostro,
653 1078 849 1131 Ejusque
873 1077 990 1118 Vitae
1021 1077 1185 1128 RadiiS,
1207 1078 1341 1119 simul.
1367 1091 1425 1119 ex
1455 1092 1512 1129 se,
1533 1079 1657 1129 inest,
1680 1079 1719 1120 ἃ

464 1148 520 1188 ab
544 1147 611 1187 Eo
636 1147 739 1200 Ipso
760 1147 1039 1200 producitur3
1070 1160 1171 1187 nam
1193 1147 1304 1188 sicut
1332 1161 1470 1200 nuper
1496 1149 1719 1188 memoriae

465 1223 552 1257 tuae
575 1216 786 1257 traditum
805 1221 882 1264 est,
902 1216 1117 1268 Suprema
1136 1215 1308 1265 Forma,
1325 1216 1367 1256 in
1385 1215 1552 1270 Seipsa,
1568 1216 1720 1257 ordine

464 1291 708 1338 sequentes,
731 1298 867 1337 usque
898 1284 953 1324 ad
985 1283 1197 1334 ultimam,
1222 1285 1422 1338 respicit3
1454 1290 1720 1338 quapropter

465 1355 558 1407 ipse
584 1352 718 1403 Ordo,
748 1353 821 1405 qui
857 1353 958 1393 inde
992 1353 1150 1406 prodit,
1178 1353 1216 1393 &
1250 1354 1375 1406 quasi
1404 1353 1625 1402 evolvitur,
1654 1359 1721 1394 est

465 1422 646 1463 infinitae
668 1421 957 1474 perfectionis,
981 1423 1082 1474 quia
1104 1429 1169 1462 est
1193 1422 1336 1475 Ipsius
1359 1422 1535 1463 Infiniti.
1587 1422 1720 1476 Quod

464 1491 559 1531 haec
592 1490 653 1530 ita
686 1503 732 1530 se
764 1490 966 1539 habeant,
989 1491 1057 1530 Tu
1090 1504 1189 1531 mea
1218 1491 1353 1532 Filia!
1386 1505 1484 1544 quae
1510 1492 1554 1531 in
1575 1492 1718 1545 ipsum

464 1559 580 1600 hunc
604 1559 829 1607 Ordinem,
848 1557 886 1598 ἃ
909 1559 1002 1611 ejus
1024 1559 1125 1599 vitae
1149 1559 1324 1608 Lucem,
1344 1566 1446 1600 nata
1468 1573 1525 1609 es,
1543 1560 1720 1600 tametsi

465 1630 609 1672 adhuc
634 1629 781 1684 puella
807 1629 875 1679 sis,
899 1630 1013 1670 clare
1043 1636 1205 1679 tamen,
1227 1631 1337 1670 sicut
1366 1631 1505 1680 video,
1526 1635 1720 1670 contem-

466 1699 624 1753 plaris;
655 1698 789 1748 aliter,
813 1699 885 1751 qui
918 1712 942 1739 a
970 1699 1091 1739 fatuo
1123 1705 1288 1739 naturae
1320 1699 1493 1747 lumine,
1516 1699 1720 1751 sapiunt;

467 1769 517 1809 iis
552 1768 669 1817 nihil,
702 1774 860 1821 praeter
896 1773 1194 1808 extremorum
1236 1781 1440 1808 sensuum
1470 1767 1720 1817 dictamina,

467 1838 727 1891 persuadet;
757 1836 796 1877 ἃ
832 1837 1002 1886 mirum,
1024 1837 1141 1890 ipsos
1176 1837 1428 1890 perspicuos
1453 1843 1575 1877 actus
1598 1836 1636 1877 81
1661 1836 1722 1877 ef-

467 1906 616 1955 fectus,
641 1907 721 1946 nisi
756 1919 831 1946 eos
864 1906 996 1946 etiam
1031 1907 1073 1946 in
1107 1906 1351 1946 substantia
1384 1906 1573 1955 videant,
1595 1919 1618 1946 e
1641 1907 1721 1946 sua

467 1974 553 2015 fide
588 1974 816 2027 rejiciunt;
863 1981 1130 2027 quapropter
1161 1974 1266 2014 dum
1303 1973 1508 2014 veritates
1545 1987 1601 2013 ex
1637 1973 1721 2014 hoc

467 2057 583 2084 nexu
608 2042 645 2083 &
669 2043 830 2092 ordine,
848 2043 1079 2092 intuentur,
1097 2043 1147 2082 iis
1169 2043 1211 2082 in
1233 2042 1372 2096 prima
1392 2041 1549 2095 copula
1564 2041 1722 2082 diffluit

466 2119 634 2161 catena,
657 2111 695 2151 ἃ
730 2111 791 2152 sic
823 2112 956 2152 modo
984 2112 1197 2160 Terrenis,
1220 2125 1295 2151 seu
1322 2125 1379 2151 ex
1401 2111 1542 2151 forma
1567 2111 1721 2159 ultima

467 2182 608 2222 enatis
631 2180 833 2229 materiis,
857 2180 1008 2220 defixo
1030 2181 1201 2230 intuitu,
1224 2179 1447 2221 inhaerent.

523 2250 591 2302 96.
625 2249 713 2291 Sed
754 2249 841 2289 noli
882 2248 1025 2289 adhuc
1067 2249 1235 2290 vultum
1275 2248 1502 2298 abducere,
1542 2247 1721 2289 intende

468 2319 624 2360 iterum
666 2317 812 2358 lumen
849 2323 986 2367 tuum,
1019 2317 1056 2358 δι
1093 2317 1325 2371 introspice
1362 2317 1571 2359 Centrum
1603 2331 1720 2358 corn-
