1835 2672
383 122 445 157 172
576 115 760 151 CAPUT
788 115 1108 161 SECUNDUM,
1143 116 1337 152 SECTJO
1370 116 1444 153 III.

380 212 473 259 mis,
492 214 672 265 paverit,
688 213 922 255 reclinatus
945 214 1218 268 Sapientiam
1242 215 1438 256 efflictim
1461 215 1642 269 rogavit,

379 288 427 321 ut
443 280 536 333 jam
558 282 737 334 paulum
761 282 971 336 relegeret
993 284 1188 336 vestigia,
1210 284 1326 324 unde
1349 284 1543 336 digressa
1565 290 1642 332 est,

342 390 349 399 ,
379 348 418 389 ἃ
441 357 694 402 exponeret,
716 352 940 404 quomodo
962 353 1138 392 daretur
1160 352 1291 405 plena
1313 353 1439 405 copia
1460 352 1543 393 hoc
1563 365 1643 392 suo

378 417 547 458 Amore
580 418 776 470 fruendi;
809 420 852 460 id
879 420 972 472 jam
1005 434 1051 460 se
1080 421 1312 474 percipere,
1341 420 1497 470 aiebat,
1524 420 1644 473 quod

379 486 421 526 id
446 487 588 527 solum
610 488 772 537 ardeat,
797 495 844 529 ut
865 502 952 529 non
975 490 1052 539 sui,
1073 490 1149 529 sed
1175 489 1297 529 Illius
1323 490 1405 539 sit;
1437 490 1644 542 quodque

379 555 508 596 ardor
540 556 613 596 ille
640 571 697 597 ex
727 559 992 610 appercepta
1025 571 1225 598 amorum
1259 559 1568 599 contrarietate
1604 557 1643 598 &

378 625 666 678 oppositione,
685 639 731 665 se
748 627 803 666 ad
822 639 1042 666 summum
1059 627 1245 679 gradum
1269 627 1499 668 manifeste
1521 627 1643 667 exal-

376 694 560 743 taverit,
593 707 693 734 narn
717 700 930 747 quantum
954 708 1088 734 unum
1117 694 1321 744 horreret,
1343 701 1516 736 tantum
1544 694 1643 749 plus

373 761 467 814 jam
496 761 681 802 alterum
711 769 890 812 amaret,
922 761 960 802 &
990 763 1113 815 quasi
1147 764 1455 805 demoreretur.
1517 764 1569 804 Id
1598 765 1641 804 in

377 830 573 870 animum
609 831 701 883 ejus
732 831 865 871 etiarn
901 831 1038 880 rediit,
1068 832 1187 884 quod
1217 831 1290 873 illa
1319 832 1438 885 prius
1467 832 1642 881 dixerit,

375 898 512 938 vitam
536 912 669 951 quam
691 900 867 949 viveret,
883 899 1156 940 extrinsecus
1173 900 1374 952 influere;
1406 900 1444 940 ἃ
1462 901 1639 953 quidem

377 980 465 1007 non
492 967 634 1007 solum
663 982 689 1008 a
717 967 947 1021 Supremo,
967 969 1165 1009 omnium
1191 969 1394 1010 Vitarum
1423 970 1576 1019 Fonte,
1598 970 1641 1010 in

376 1035 602 1085 Animam,
620 1050 718 1090 quae
735 1043 800 1077 est
817 1038 1017 1090 potentia
1039 1039 1234 1078 omnium
1256 1039 1552 1092 potentiarum
1574 1038 1640 1079 sui

378 1104 532 1158 Regni,
556 1105 594 1146 ἃ
616 1119 641 1146 a
665 1106 867 1159 Supremi
889 1106 1069 1156 Amore,
1090 1121 1164 1147 seu
1190 1107 1297 1160 Ejus
1321 1108 1574 1160 Unigenito,
1597 1108 1640 1147 in

375 1187 500 1213 suam
525 1174 751 1225 Mentem,
782 1175 859 1215 sed
883 1176 1016 1215 etiam
1037 1175 1093 1216 ab
1117 1175 1225 1228 Ejus
1248 1176 1423 1216 inimico
1446 1177 1489 1216 in
1511 1189 1639 1216 suum

375 1242 592 1283 Animum
619 1244 696 1296 (t);
740 1244 947 1297 quodque
973 1244 1066 1297 ejus
1088 1245 1242 1295 cubile,
1265 1245 1303 1286 81
1332 1245 1454 1285 illum
1483 1245 1638 1298 ipsum,

376 1312 447 1361 ibi,
471 1312 509 1352 &
538 1313 599 1352 sic
627 1313 831 1365 proxi-me
859 1313 941 1353 sub
969 1313 1154 1365 pedibus
1181 1314 1280 1363 suis,
1303 1314 1358 1354 ad
1386 1314 1499 1354 fores
1528 1312 1640 1354 aulae

376 1381 624 1430 cubantem,
659 1382 967 1422 monstraverit
985 1382 1076 1435 (u);
1119 1384 1294 1434 gavisus
1326 1389 1487 1431 tamen,
1518 1382 1638 1435 quod

373 1449 530 1490 viderit
562 1450 684 1489 illurn
718 1451 899 1490 manicis
932 1450 970 1490 &
1003 1451 1289 1504 compedibus
1318 1452 1526 1500 vinctum,
1559 1464 1639 1490 nec

373 1532 528 1558 ausum
564 1525 751 1571 portam,
785 1519 864 1559 nisi
902 1518 1062 1571 jussus,
1091 1525 1296 1572 tangere;
1341 1533 1431 1572 prae
1462 1519 1638 1560 horrore

372 1593 522 1627 tamen
544 1594 771 1641 aspectum
794 1588 849 1627 ab
872 1587 946 1628 illa
966 1587 1097 1640 plaga
1126 1601 1324 1628 aversum
1348 1588 1500 1628 tenuit.
1561 1587 1637 1627 Ad

373 1655 467 1695 haec
507 1655 746 1709 Sapientia,
778 1657 895 1709 quod
928 1656 1068 1709 jubes,
1101 1657 1252 1709 inquit,
1286 1655 1536 1709 expOnam;
1579 1669 1638 1696 ex

373 1724 513 1773 dictis,
547 1738 645 1777 quae
677 1739 819 1778 supra,
853 1726 895 1765 in
929 1739 1077 1765 aurem
1110 1731 1245 1773 tuam,
1277 1725 1377 1774 sevi,
1411 1725 1515 1764 satis
1543 1724 1637 1777 jam

372 1793 451 1833 tibi
473 1800 676 1834 constare
699 1795 842 1844 audio,
859 1794 976 1847 quod
998 1794 1210 1834 Potentiae
1228 1800 1398 1842 nostrae,
1414 1800 1460 1834 ut
1476 1794 1636 1842 vivant,

371 1862 428 1902 ab
450 1861 593 1902 influis
614 1862 792 1903 Viribus
820 1863 1068 1903 excitandae
1097 1863 1209 1913 sint;
1243 1869 1337 1903 tum
1367 1863 1486 1915 quod
1517 1861 1637 1903 nulla

419 2004 464 2048 (t)
492 2004 601 2049 Quod
630 2005 722 2038 nihil
751 2016 825 2038 non
856 2005 893 2038 in
921 2005 1085 2049 Corpore
1110 2005 1273 2039 Animali
1300 2015 1322 2038 a
1347 2004 1383 2038 vi
1409 2004 1636 2040 extrinsecus

370 2060 546 2094 influente
564 2060 611 2093 ad
633 2060 861 2104 operandum
885 2060 1086 2101 excitetur3
1113 2071 1177 2094 seu
1202 2059 1302 2104 quod
1327 2060 1473 2094 Formae
1499 2066 1636 2094 nostrae

369 2116 554 2160 organicae
587 2126 662 2149 non
696 2116 768 2149 sint
802 2115 871 2149 nisi
906 2126 1018 2159 quam
1052 2115 1346 2149 accommodatae
1379 2114 1557 2159 potentiae
1586 2115 1635 2149 ad

368 2172 488 2214 Vires,
506 2182 588 2215 quae
607 2182 671 2215 per
689 2171 865 2204 influxum
889 2182 1006 2214 suum,
1026 2171 1062 2204 in
1083 2181 1147 2205 eas
1171 2176 1293 2214 agent,
1311 2170 1396 2205 vide
1421 2181 1532 2215 supra
1555 2170 1634 2205 Art.

373 2226 426 2270 58,
446 2226 479 2260 &
497 2232 560 2260 not
579 2226 666 2260 ibid.
688 2225 756 2270 (y).

417 2281 474 2326 (u)
502 2283 560 2316 De
578 2281 636 2315 his
653 2281 766 2316 etiam
785 2281 910 2316 confer
928 2292 1037 2326 supra
1055 2292 1089 2315 n.
1109 2288 1164 2322 70.
