1835 2672
386 148 451 191 176
577 147 763 184 CAPUT
790 148 1110 194 SECUNDUM,
1144 149 1340 185 SECTJO
1373 149 1448 184 III.

382 247 544 287 veroin
561 246 824 287 Pantheram
839 260 888 288 ac
905 247 1163 295 Urum,tum
1178 248 1311 288 etiam
1327 247 1371 289 in
1388 247 1649 298 Flammam,

384 315 423 356 ἃ
437 316 616 366 similia;
639 330 775 369 usque
789 323 938 357 tamen
956 317 1037 357 sub
1055 318 1296 370 unaquavis
1310 317 1452 357 feroce
1469 317 1649 358 inducta

383 385 504 435 facie,
519 399 572 425 ne
589 386 766 438 quidem
785 386 966 441 minimo
981 392 1130 426 nostro
1145 386 1284 439 digito
1298 400 1464 426 noxam
1483 385 1649 435 inferre,

385 455 529 495 minus
545 455 700 494 vulnus
718 455 912 508 infligere
929 455 1044 507 potis
1062 461 1147 505 est3
1170 455 1411 508 periculum
1427 454 1650 504 faciamus,

385 524 472 572 ait;
516 530 620 564 tunc
657 524 772 564 Eum
807 524 940 577 paulo
976 525 1237 565 renitentem
1275 526 1316 564 in
1359 524 1515 566 Cubile
1555 524 1649 577 ejus

385 593 606 644 detraxit;
639 592 677 633 ἃ
699 593 944 634 excubitori
974 593 1056 642 isti,
1080 607 1154 634 seu
1183 593 1311 643 hosti,
1334 594 1577 647 imperavit,
1601 600 1649 635 ut

385 675 431 703 se
451 662 493 702 in
513 662 713 702 Monstra
730 675 819 711 sua,
834 662 890 702 ab
907 675 995 701 uno
1012 662 1054 702 in
1072 662 1270 712 alterum,
1288 662 1648 715 transfiguratum

385 732 584 772 sisteret:
637 731 839 783 Cumque
866 743 966 771 eum
998 731 1042 770 in
1070 731 1348 781 horrendum,
1373 745 1423 772 ac
1445 732 1650 772 immanis

382 800 529 841 vultus
560 800 727 841 Canem
749 813 922 840 versum
943 800 1122 849 videret,
1146 800 1240 853 ipsa
1270 800 1498 853 Sapientia
1526 800 1651 842 frica-

385 869 461 910 bat
497 869 590 921 ejus
625 875 779 918 costas,
818 868 856 908 &
891 869 1058 921 ingenti
1094 869 1220 909 rictui
1257 875 1399 909 totam
1436 869 1651 910 inferebat

386 951 579 987 manum,
623 951 811 990 eumque
862 937 1012 990 lingua
1062 937 1339 990 prehensum,
1389 951 1651 991 quocunque

384 1007 528 1056 vellet,
551 1005 915 1055 circumducebat,
940 1005 1150 1058 ringentis
1173 1006 1306 1046 etiam
1337 1005 1449 1046 collo
1476 1006 1651 1047 vincula

385 1077 560 1130 injecit;
601 1083 736 1129 utque
778 1076 872 1129 ipse
912 1075 1233 1128 Primogenitus
1267 1081 1414 1116 mente
1455 1075 1651 1116 interrita

387 1145 626 1195 accederet,
651 1145 837 1195 hortata,
865 1151 1156 1197 rogatumque
1189 1158 1296 1185 mox
1328 1144 1489 1198 adegit,
1517 1151 1651 1198 atque

387 1215 480 1268 ejus
519 1228 694 1267 quoque
730 1213 956 1254 brachium
991 1213 1188 1253 faucibus
1224 1213 1384 1266 injecit,
1419 1214 1652 1266 ipsumque

387 1284 520 1325 etiam
546 1283 704 1336 Caput,
729 1282 767 1323 &
789 1282 973 1323 illaesum
996 1282 1188 1332 exemit;
1224 1282 1437 1323 Cerberus
1458 1281 1531 1322 ille
1551 1281 1652 1322 felle

387 1354 566 1407 quidem
603 1352 823 1401 intumuit,
855 1351 893 1392 &
926 1351 1110 1392 lethales
1139 1351 1244 1392 dare
1276 1365 1445 1392 morsus
1475 1351 1652 1400 exarsit,

386 1435 537 1463 verum
564 1421 625 1461 ita
651 1421 893 1461 subductus
918 1420 1060 1473 patuit
1088 1420 1125 1460 ei
1155 1420 1296 1468 rictus,
1320 1426 1368 1460 ut
1395 1419 1499 1460 nihil
1533 1421 1654 1473 quic-

387 1504 520 1544 quam
547 1496 718 1531 tentare
743 1489 859 1542 potis
894 1495 1020 1529 esset.
1084 1489 1372 1529 Postmodum
1407 1495 1456 1529 ut
1490 1489 1653 1530 Leonis

386 1559 556 1600 vultum
591 1564 844 1607 assumeret,
868 1558 1008 1611 jussit,
1036 1563 1141 1598 tunc
1171 1557 1398 1610 Sapientia
1431 1557 1652 1598 mulcebat

387 1629 591 1682 palearia,
621 1627 660 1668 81
691 1641 791 1668 cum
821 1627 1028 1667 dentibus
1060 1626 1153 1679 ejus
1187 1626 1225 1666 &
1255 1626 1428 1679 ungulis
1459 1626 1654 1676 ludebat,

385 1713 462 1740 eas
493 1699 616 1752 genis
645 1698 734 1738 suis
765 1698 1032 1747 admovens;
1067 1696 1193 1749 eique
1226 1697 1484 1736 mandatum
1517 1695 1653 1745 dedit,

388 1774 436 1808 ut
479 1767 825 1819 Primogenitum
867 1779 1044 1819 quoque
1085 1765 1173 1805 suis
1212 1766 1344 1805 armis
1385 1764 1424 1805 &
1465 1764 1653 1806 brachiis

389 1837 642 1885 includeret,
661 1835 698 1876 &
715 1835 957 1876 remitteret
976 1849 983 1885 3
1016 1834 1117 1874 inde
1139 1833 1209 1874 ille
1231 1833 1477 1886 impavidus
1499 1833 1652 1882 factus,

388 1905 588 1946 similiter
609 1919 658 1945 ac
679 1918 757 1945 sua
782 1903 1019 1956 Sapientia,
1044 1917 1177 1943 uncos
1202 1902 1295 1955 ejus
1323 1902 1477 1942 dentes
1505 1902 1653 1955 tetigit

389 1974 427 2015 &
449 1974 706 2027 percensuit.
770 1973 890 2012 Dum
912 1986 1015 2012 vero
1038 1972 1093 2011 ab
1115 1971 1197 2012 hoc
1220 1977 1417 2011 monstro
1446 1970 1586 2011 abiret
1608 1972 1651 2010 in

389 2044 650 2091 Draconem,
688 2042 834 2095 jussus
884 2041 1123 2081 secundum
1166 2040 1404 2093 Sapientiae
1445 2039 1571 2080 ulnas
1613 2039 1651 2080 &

388 2112 601 2166 scapulas,
623 2124 759 2164 usque
788 2110 831 2150 in
860 2111 1066 2150 verticem
1099 2109 1192 2162 ejus
1225 2109 1405 2161 Capitis,
1430 2109 1651 2161 surrepsit,

389 2196 439 2222 ac
470 2195 547 2234 per
578 2194 678 2220 suas
710 2181 873 2229 cristas,
903 2192 1159 2232 squamosas
1189 2179 1339 2231 spiras,
1369 2178 1407 2218 &
1439 2177 1652 2218 volubiles

389 2264 544 2298 nexus,
558 2250 693 2289 instar
708 2248 856 2301 galeae,
873 2248 1061 2288 frontem
1078 2247 1116 2287 &
1139 2247 1327 2300 sinciput
1345 2246 1437 2299 ejus
1453 2247 1650 2297 obtexit;

388 2326 545 2373 praeter
573 2318 717 2372 plures
746 2316 888 2358 adhuc
917 2317 1055 2367 ludos,
1078 2329 1187 2369 quos
1212 2328 1310 2356 cum
1337 2315 1410 2356 illo
1438 2315 1649 2357 instituit:
