1783 2760
438 205 516 239 DE
549 204 810 250 CONJUGJO
840 204 1221 240 PRIMOGENJTJ.
1436 217 1457 249 9

210 308 300 343 tem
324 301 361 343 ἃ
384 303 676 356 integritatem
696 301 1017 342 concludimus:
1048 302 1253 356 quicquid
1276 302 1392 343 enim
1413 302 1455 342 in

212 373 421 412 extremis
442 371 680 423 perfectum
702 377 778 420 est,
802 371 845 410 id
868 384 1082 423 nusquam
1104 371 1285 420 ducitur,
1305 371 1384 410 nisi
1401 371 1456 411 ab

211 453 263 480 eo
291 441 512 493 principio,
535 440 606 480 ubi
639 439 732 492 ipsa
764 445 829 479 est
864 439 1085 489 Perfectio‚
1106 452 1183 479 nec
1210 439 1291 479 nisi
1323 452 1455 492 quam

211 522 288 561 per
320 522 418 548 eum
455 508 662 557 ordinem,
694 521 822 560 quern
860 507 1099 561 Supremus
1130 521 1156 547 a
1191 507 1345 560 Seipso
1381 508 1455 547 de-

210 577 349 625 duxit,
381 576 419 616 &
452 576 494 616 in
526 588 650 617 suurn
690 576 856 618 Caelum
889 576 926 617 &
956 576 1184 625 Mundum,
1207 577 1334 629 eique
1353 590 1455 616 con-

209 644 407 684 similiter
427 645 470 684 in
493 650 616 685 tuum
640 645 988 694 Microcosmum,
1008 644 1262 685 introduxit.
1325 645 1455 684 Evol-

207 725 360 753 vamus
396 713 542 765 itaque
575 713 717 766 ipsum
757 713 871 754 hunc
906 713 1129 763 Ordinem,
1159 726 1184 753 a
1216 713 1365 766 primis
1398 714 1453 754 ad

208 781 372 831 ultima,
394 782 431 822 &
464 788 588 822 retro.
651 782 890 834 Supremus
919 788 1064 822 noster
1085 788 1132 822 ut
1162 795 1188 821 a
1217 795 1296 822 suo
1320 781 1454 823 Sanc-

206 850 374 890 tissimo
414 850 569 903 Adyto
610 849 648 890 81
700 851 855 891 intimo
896 850 1028 900 Caelo,
1069 851 1252 903 proinde
1301 864 1327 890 a
1375 864 1454 891 suo

207 918 397 969 Throno,
442 919 703 960 Universum
747 925 854 959 nutu
890 919 927 959 &
961 933 1017 959 ex
1051 919 1238 967 arbitrio,
1266 919 1377 960 sicut
1409 920 1451 959 in

207 987 368 1039 primis,
390 987 522 1027 etiam
545 988 586 1026 in
610 987 772 1027 ultimis
795 987 970 1036 naturis,
993 993 1170 1040 regeret,
1193 986 1231 1027 81
1251 987 1312 1027 sic
1337 987 1452 1040 Reg-

209 1068 311 1095 num
334 1056 540 1095 conderet
562 1055 757 1103 Caeleste,
781 1055 836 1095 ab
858 1062 1032 1105 aetern0‚
1054 1069 1128 1096 seu
1162 1062 1263 1096 ante
1296 1056 1451 1096 Mundi

206 1123 484 1172 creationem,
537 1124 878 1176 Primogenitum
936 1124 1131 1164 omnium
1185 1124 1451 1173 Viventium,

209 1191 398 1232 Unicum
421 1205 547 1232 suum
570 1192 792 1241 Amorem,
818 1193 980 1245 genuit,
1000 1206 1077 1246 per
1106 1206 1235 1245 quem
1268 1192 1451 1246 Spiritu-

206 1258 291 1299 alia
313 1259 351 1300 &
376 1260 604 1312 Corporea,
629 1274 702 1300 seu
733 1260 936 1301 Caelestia
967 1261 1004 1302 ἃ
1038 1261 1275 1310 Naturalia,
1299 1261 1341 1301 id
1374 1267 1450 1309 est,

206 1328 410 1368 Viventia
433 1328 471 1369 ἃ
493 1329 592 1369 vitae
610 1329 820 1381 expertia,
834 1343 980 1369 secum
997 1330 1220 1383 copularet
1234 1329 1272 1370 &
1288 1330 1449 1380 uniret;

205 1409 305 1437 nam
336 1396 500 1449 absque
521 1396 688 1437 Amore
709 1397 814 1437 nihil
837 1398 1108 1438 concorditer
1130 1399 1172 1438 in
1194 1412 1327 1439 unum
1349 1412 1449 1438 con-

203 1464 347 1517 spirat,
371 1471 445 1505 aut
466 1465 738 1505 continenter
766 1480 852 1506 uno
875 1466 1026 1518 spiritu
1048 1467 1152 1507 vivit
1174 1466 1212 1507 ἃ
1234 1468 1386 1519 agitur,
1411 1467 1449 1508 ἃ

203 1533 263 1573 sic
285 1533 340 1572 ad
363 1546 497 1573 unum
520 1532 650 1573 finem
673 1535 909 1584 contendit,
934 1536 1009 1575 sed
1031 1535 1212 1575 dissidet
1236 1535 1274 1575 ἃ
1296 1535 1449 1576 dilabi-

202 1606 298 1642 tur:
330 1601 373 1641 Is
414 1601 560 1654 itaque
596 1608 722 1642 natus
759 1609 824 1643 est
863 1603 980 1644 Unio
1016 1602 1054 1644 ἃ
1092 1603 1304 1644 Mediatio
1334 1605 1450 1645 inter

204 1669 435 1722 Superiora
465 1670 502 1711 ἃ
536 1670 756 1720 Inferiora,
778 1684 852 1711 seu
879 1671 1132 1712 immediate
1157 1673 1268 1712 inter
1291 1673 1449 1726 Supre-

202 1750 335 1787 mum‚
362 1751 487 1778 suum
531 1738 769 1788 Parentem,
808 1739 846 1779 &
887 1740 1029 1792 ipsum
1072 1739 1253 1790 Caelum,
1289 1742 1331 1781 id
1369 1748 1446 1791 est,

203 1805 307 1847 Caeli
345 1806 606 1859 Indigenas;
638 1820 770 1859 quare
812 1806 891 1847 Ille
930 1807 1046 1848 solus
1087 1814 1164 1857 est,
1199 1822 1275 1862 per
1316 1823 1446 1862 quem

201 1875 343 1915 omnis
366 1874 486 1915 Ordo
508 1875 748 1915 instituitur
769 1875 806 1916 &
833 1875 1082 1925 absolvitur,
1105 1890 1179 1917 seu
1208 1891 1285 1930 per
1315 1892 1445 1930 quem

200 1940 269 1980 via
291 1954 316 1980 a
338 1940 552 1993 Supremo
574 1942 630 1981 ad
653 1942 806 1982 ultima
828 1949 1004 1992 naturae,
1026 1943 1064 1983 ἃ
1089 1950 1215 1993 retro,
1237 1944 1298 1985 sic
1328 1958 1447 1997 pror—

201 2021 296 2048 sum
338 2008 376 2049 81
416 2023 593 2058 rursum,
630 2010 827 2060 ducitur;
864 2017 909 2051 at
948 2011 1039 2060 Ille,
1074 2013 1176 2064 quia
1212 2013 1343 2053 etiam
1381 2019 1446 2054 est

199 2075 364 2117 Anima
394 2079 527 2119 totius
560 2079 678 2128 Caeli‚
701 2079 902 2119 Essentia
932 2079 1102 2130 Divina,
1134 2080 1173 2121 &
1203 2081 1308 2122 Vita
1339 2095 1445 2134 pure

201 2145 443 2197 spiritualis,
467 2161 552 2188 non
574 2148 825 2189 immediate
857 2150 899 2188 in
929 2156 1128 2190 naturam
1159 2151 1261 2191 vitae
1289 2165 1444 2203 exper-

200 2218 302 2263 tem,
346 2215 510 2269 absque
557 2216 729 2257 vinculo
771 2217 926 2257 iterum
973 2218 1195 2270 spirituali,
1236 2232 1309 2259 seu
1353 2220 1444 2260 vita

202 2281 463 2332 mediatrice,
484 2283 524 2323 in
556 2297 688 2336 quam
723 2290 875 2324 natura
907 2285 1000 2325 caeli
1038 2285 1075 2326 ἃ
1110 2292 1263 2327 natura
1291 2288 1441 2327 mundi

198 2349 413 2401 copulatae
432 2358 587 2402 essent,
610 2352 871 2393 descendere
891 2353 1033 2406 potuit
1052 2367 1060 2404 3
1083 2366 1184 2394 nam
1209 2367 1306 2406 quae
1327 2369 1442 2395 com-
