1835 2672
343 140 387 174 62
555 139 738 174 CAPUT
766 138 1085 183 SECUNDUM,
1121 137 1315 173 SECTJO
1347 137 1399 171 II.

344 237 516 292 sopivit,
534 237 644 278 forte
667 237 798 278 etiam
821 250 919 277 cum
936 250 1109 277 susurro
1125 235 1162 277 &
1180 234 1462 276 oscillationis
1480 238 1602 274 motu

346 307 462 347 intus
496 307 668 356 excito;
716 306 912 358 dumque
947 305 1141 345 Paradisi
1176 304 1388 345 utilitates
1421 303 1604 343 revisere

345 375 488 425 vellet,
517 389 616 415 eum
646 374 970 427 expergefecit3
1003 374 1044 414 id
1071 379 1331 426 perpetuum
1355 378 1458 420 erat,
1487 370 1605 424 quod

348 444 571 485 indormiti
594 443 776 497 palmas,
801 450 917 484 arcte
946 442 1242 495 complicatas,
1264 455 1412 481 versus
1438 440 1606 482 Caelum

348 512 580 553 sustulerit.
643 511 731 553 Sed
754 511 848 552 haec
870 512 1028 561 omnia,
1052 511 1269 564 Supremo
1293 510 1485 550 Numine
1507 509 1608 549 Pro-

348 582 535 630 vidente,
558 581 647 620 imo
671 587 843 633 agente,
866 581 939 632 qui
968 580 1010 619 in
1041 580 1245 619 omnibus
1276 578 1313 618 ἃ
1338 577 1519 631 singulis
1543 582 1610 616 est

350 650 467 691 solus
489 663 634 704 agens,
654 649 756 702 quia
777 649 895 689 solus
912 650 1061 689 vivens
1080 660 1088 696 ;
1119 648 1174 688 ab
1198 648 1265 688 Eo
1286 647 1414 696 enim,
1429 646 1531 699 quia
1552 645 1608 686 ab

355 720 461 773 Ejus
482 719 584 767 vita,
607 718 804 766 vivimus,
829 717 867 757 ἃ
890 717 1076 757 vivendo
1099 717 1278 769 agimus.

408 799 476 838 44.
507 787 673 827 Anima
709 786 988 838 quantumvis
1025 799 1070 825 se
1105 785 1148 824 in
1184 784 1388 836 Corporis
1424 783 1611 824 formam

353 855 684 909 transcripserit,
731 854 769 895 &
820 853 972 893 finium
1024 866 1200 894 suorum
1252 852 1611 905 exequendorum

352 925 503 977 gratia,
538 924 603 963 sui
640 930 809 976 typum,
847 928 1059 975 tanquam
1095 927 1352 974 perpetuam
1388 921 1611 974 quandam

355 1005 510 1033 usuum
534 991 796 1045 palaestram,
821 1005 878 1031 ex
901 990 1019 1031 fibris
1045 1005 1070 1031 a
1098 1004 1144 1030 se
1173 990 1390 1038 eradiatis,
1413 989 1612 1029 efforma-

355 1062 490 1112 verit3
523 1061 702 1113 ejusque
725 1060 953 1109 continuis,
978 1059 1015 1100 ἃ
1038 1060 1080 1099 in
1103 1072 1315 1112 perennes
1337 1058 1519 1098 circulos
1536 1058 1615 1098 cir-

356 1129 612 1179 cumductis,
649 1129 852 1169 meatulis
889 1129 927 1169 &
964 1129 1089 1182 poris,
1124 1127 1281 1168 fluidas
1319 1126 1357 1167 ἃ
1394 1127 1614 1180 graviores

357 1198 567 1239 insuderit
590 1198 810 1246 essentias,
834 1211 931 1250 quae
954 1197 1066 1237 hanc
1087 1196 1179 1249 ejus
1205 1196 1392 1249 effigiem
1421 1196 1614 1249 pondere

356 1282 435 1308 suo
471 1268 673 1308 deorsum
707 1272 966 1319 premerent,
1002 1265 1039 1306 &
1073 1266 1229 1315 telluri,
1264 1271 1312 1306 ut
1348 1265 1441 1318 ejus
1474 1265 1616 1305 incola

356 1343 483 1386 esset,
515 1335 639 1389 quasi
669 1335 1002 1388 affigerent(d);
1045 1335 1316 1388 ipsatamen
1348 1334 1391 1374 in
1424 1333 1516 1387 ejus
1547 1348 1617 1374 su-

405 1421 467 1466 (d)
498 1420 693 1466 Ipsissima
710 1420 828 1453 forma
847 1420 1034 1464 Corporis,
1052 1419 1088 1453 in
1108 1419 1208 1453 fibris
1227 1419 1302 1453 suis
1321 1425 1497 1464 spectata,
1516 1424 1572 1454 est
1595 1429 1618 1453 a

358 1478 437 1514 sola
455 1476 591 1511 Anima
606 1488 613 1517 ;
641 1475 731 1509 nihil
749 1475 848 1509 enim
866 1486 940 1509 non
958 1486 980 1508 a
999 1474 1099 1509 fibris
1118 1475 1167 1509 ibi
1186 1481 1241 1509 est
1259 1475 1517 1519 compositum,
1535 1474 1618 1519 ipsa

359 1535 460 1568 Vasa
487 1531 701 1575 sanguinea,
723 1531 797 1564 imo
825 1531 934 1573 Ossa,
951 1542 973 1564 a
998 1531 1109 1565 meris
1136 1531 1236 1564 fibris
1263 1531 1484 1565 concinnata
1510 1537 1618 1571 sunt3

360 1595 416 1624 est
434 1588 552 1623 solum
571 1586 808 1630 congregatio
828 1597 964 1629 earum,
980 1597 1062 1631 quae
1080 1586 1167 1620 facit
1186 1592 1224 1620 ut
1242 1585 1370 1620 formae
1388 1585 1567 1620 inferioris
1586 1586 1619 1620 &

360 1654 547 1689 corporeae
573 1642 657 1684 sint,
681 1648 793 1686 atque
818 1648 1046 1685 appareant;
1073 1642 1105 1676 ἃ
1131 1641 1324 1686 dispositio
1350 1641 1388 1675 in
1414 1641 1562 1681 formas,
1581 1647 1620 1675 ut

360 1701 458 1734 hunc
484 1709 558 1731 non
583 1697 697 1730 alium
726 1708 832 1730 usum
862 1702 1047 1740 praestent.
1100 1697 1243 1739 Omnis,
1270 1707 1499 1741 quaecunque
1525 1695 1621 1731 inest

363 1753 528 1799 Corpori,
555 1752 658 1795 fibra,
683 1752 731 1786 ab
759 1751 896 1785 Anima
926 1751 1059 1785 educta
1089 1758 1154 1795 est,
1182 1763 1249 1786 nec
1276 1752 1325 1785 ab
1355 1751 1427 1785 alio
1458 1751 1620 1796 quodam

361 1808 552 1854 principio,
571 1807 641 1841 nisi
665 1807 764 1851 prius
790 1807 837 1841 ab
863 1806 908 1841 ea
932 1806 1100 1841 formato.
1154 1807 1206 1841 Ut
1231 1818 1316 1841 vero
1344 1807 1486 1851 Corpus
1513 1806 1569 1849 sit,
1589 1806 1621 1841 81

362 1870 550 1910 appareat,
563 1863 662 1908 quod
676 1863 710 1896 vi
730 1874 805 1897 suae
823 1862 1013 1906 gravitatis
1032 1862 1203 1896 deorsum
1219 1873 1281 1897 seu
1295 1873 1422 1896 versus
1437 1862 1622 1896 Tellurem

362 1920 501 1962 tendat,
528 1919 563 1952 in
591 1929 699 1962 opem
724 1918 866 1951 adscita
893 1924 977 1951 sunt
1003 1917 1186 1952 elementa
1211 1917 1396 1952 terrestria
1420 1917 1455 1950 vi
1481 1916 1622 1951 inertiae

363 1975 531 2021 praedita‚
549 1973 581 2007 ἃ
604 1973 683 2006 haec
706 1973 933 2014 humoribus,
950 1972 1163 2017 cumprimis
1188 1972 1370 2016 sanguini,
1389 1972 1450 2016 qui
1474 1983 1564 2006 vasa
1590 1972 1622 2006 ἃ

364 2030 598 2071 canaliculos,
612 2040 634 2062 a
647 2028 748 2062 fibris
764 2029 842 2062 istis
858 2028 1066 2071 fabricatos,
1079 2034 1304 2072 percurrunt,
1317 2027 1456 2069 infusa;
1480 2027 1624 2071 horum,

365 2088 397 2122 δι
416 2085 522 2121 simul
541 2084 819 2128 compositionis
838 2083 1012 2117 fibrarum
1030 2084 1152 2126 causa,
1169 2084 1310 2127 Corpus
1329 2089 1496 2116 nostrum
1514 2093 1624 2126 grave

364 2141 540 2183 redditur,
559 2140 591 2174 &
616 2139 752 2173 viribus
778 2138 924 2182 agendi,
940 2138 975 2171 in
1001 2138 1138 2172 ultimis
1164 2138 1221 2172 his
1250 2137 1394 2180 Mundi,
1412 2137 1623 2193 instruitur;

366 2197 464 2232 unde
478 2197 602 2241 liquet,
618 2195 717 2239 quod
735 2194 892 2238 Sanguis
913 2193 1090 2238 imprimis
1109 2194 1157 2227 ob
1171 2194 1266 2227 hanc
1284 2204 1445 2236 causam,
1460 2193 1497 2226 in
1516 2203 1625 2237 opem

365 2259 517 2287 vocatus
542 2251 599 2293 sit,
617 2261 660 2285 ex
685 2261 758 2295 quo
784 2249 970 2295 praecipue
996 2249 1074 2284 haec
1101 2249 1234 2283 animae
1261 2248 1410 2293 effigies,
1431 2248 1574 2293 Corpus
1591 2248 1624 2283 &

362 2310 471 2351 Caro,
489 2306 599 2341 audit.
