1835 2672
353 178 418 215 150
544 170 727 206 CAPUT
756 171 1079 216 SECUNDUM,
1112 172 1308 207 SECTJO
1342 173 1417 208 III.

347 274 439 309 tam
462 268 703 310 humanum
728 268 765 310 Sc
786 269 1048 323 placabilem
1071 285 1116 311 se
1138 271 1263 312 nobis
1280 271 1459 324 praebet,
1477 285 1616 325 usque

346 343 496 378 tamen
529 337 710 378 Amoris
747 339 882 379 nostri
920 339 1236 380 infensissimus
1269 340 1420 389 hostis,
1454 346 1531 389 est,
1565 354 1616 381 ac

347 406 497 447 odium
536 408 711 460 penitus
751 408 930 448 insitum
971 408 1126 461 ejicere
1173 422 1390 462 nusquam
1439 415 1613 462 potest3

346 475 467 515 vafer
487 482 564 524 est,
589 475 626 516 ἃ
648 477 703 517 ad
726 490 902 517 omnem
926 477 1249 518 fraudationem
1273 477 1481 518 callidum
1503 477 1617 531 gerit

347 545 597 596 ingenium3
629 558 710 585 nec
747 546 865 598 prius
901 551 978 586 aut
1013 546 1160 599 potius
1195 546 1315 599 cupit
1352 545 1389 586 &
1426 545 1614 595 molitur,

347 627 480 667 quarn
509 620 557 654 ut
585 628 763 654 omnem
798 629 923 655 suam
957 615 1131 656 turbam
1165 616 1207 655 in
1241 616 1400 656 civicos
1429 621 1616 656 exacuat

347 689 505 731 motus,
539 696 726 735 eamque
763 683 843 723 sub
879 684 1014 735 signis
1046 685 1134 724 suis
1167 684 1416 724 ordinatam
1451 685 1494 724 in
1528 690 1616 724 tuae

348 751 511 791 Mentis
537 751 701 804 palatia
728 752 940 800 effundat,
963 751 1001 792 ἃ
1031 766 1110 792 nos
1140 752 1388 805 Sapientias
1418 752 1615 806 Olympo

346 826 422 860 tuo
449 820 592 873 ejiciat
611 836 620 871 ;
656 822 736 874 ipsi
759 821 958 871 cuniculi,
980 836 1057 875 per
1079 836 1188 875 quos
1211 836 1256 862 se
1279 822 1434 863 inferre
1456 829 1614 876 potest,

345 896 446 930 sunt
468 890 624 943 plures
646 904 755 942 quos
773 890 865 942 jam
889 904 1043 931 omnes
1065 891 1146 931 tibi
1175 891 1317 945 digito
1347 892 1586 932 monstravi
1605 904 1615 940 ;

348 959 424 999 sed
454 965 567 1008 sunt,
589 959 700 999 sicut
729 959 865 1012 probe
899 960 1025 1009 nosti,
1055 960 1188 1000 modo
1217 960 1309 1000 bini
1342 974 1543 1000 accessus
1574 961 1617 1000 in

347 1028 546 1068 Mentem
576 1033 710 1075 tuam,
741 1028 906 1070 scilicet
935 1043 960 1069 a
993 1029 1217 1082 superiori,
1247 1028 1285 1069 &
1315 1029 1371 1069 ab
1400 1028 1617 1079 inferiori;

347 1097 436 1137 Via
457 1097 654 1150 superior
676 1103 741 1137 est
763 1110 840 1150 per
861 1097 1075 1138 Animam
1093 1098 1171 1150 (p),
1195 1097 1377 1151 ejusque
1405 1098 1588 1151 adytum
1608 1112 1617 1148 ;

345 1164 440 1205 haec
463 1179 585 1205 sacra
607 1171 685 1214 est,
703 1165 741 1206 δι
764 1167 801 1205 ei
822 1180 997 1219 prorsus
1019 1167 1240 1219 impervia,
1259 1166 1297 1210 &
1321 1167 1501 1220 quidem
1524 1173 1616 1208 tam

347 1240 547 1288 angusta,
583 1241 630 1275 ut
666 1248 720 1275 ne
755 1235 934 1287 quidem
970 1236 1202 1275 minimum
1241 1235 1380 1288 digiti,
1415 1249 1493 1288 per
1524 1235 1617 1289 ejus

348 1309 532 1352 meatus,
555 1303 712 1343 inferre
740 1309 884 1356 queat,
908 1318 1010 1344 nam
1037 1305 1217 1357 grandis
1245 1318 1295 1345 ac
1323 1304 1482 1344 obesus
1512 1303 1618 1346 Cor-

396 1402 455 1446 (β)
486 1402 647 1446 Scilicet,
673 1403 736 1436 ubi
770 1403 907 1436 Anima
937 1409 992 1438 est
1022 1403 1058 1437 in
1091 1403 1210 1437 forma
1241 1404 1307 1438 sua
1340 1403 1616 1447 supracaelesti3

346 1458 503 1503 proinde
528 1458 590 1491 ubi
617 1464 673 1492 est
700 1458 737 1491 in
765 1458 956 1503 principiis
986 1459 1244 1503 operationum
1274 1459 1330 1493 sui
1359 1459 1543 1503 Corporis,
1570 1459 1616 1493 de

347 1513 480 1558 quibus
493 1524 623 1558 supra:
652 1514 751 1547 Nam
766 1515 935 1557 Regnum
950 1522 1117 1548 nostrum
1129 1514 1301 1548 Animale
1313 1514 1349 1547 in
1362 1520 1436 1548 tres
1450 1514 1615 1558 sphaeras

347 1569 520 1613 partitum
541 1575 607 1610 est,
626 1569 778 1615 scilicet,
794 1569 829 1602 in
850 1569 1044 1613 Sphaeram
1065 1569 1343 1613 Principiorum‚
1363 1569 1400 1603 in
1421 1569 1615 1614 Sphaeram

349 1625 565 1668 Causarum,
584 1625 616 1658 δε
637 1625 673 1657 in
694 1625 888 1669 Sphaeram
909 1625 1127 1659 Effectuum.
1182 1625 1451 1670 Principiorum
1470 1625 1616 1669 sphaera

346 1687 403 1714 est
422 1679 460 1712 in
479 1680 670 1723 supremis,
691 1680 752 1713 ubi
772 1680 885 1714 etiam
904 1688 989 1714 sunt
1010 1680 1195 1725 Principia
1218 1680 1385 1714 omnium
1410 1680 1615 1723 Fibrarum,

348 1734 380 1768 &
399 1735 435 1768 in
455 1746 493 1769 se
512 1735 791 1779 comprehendit
810 1735 998 1779 Animam,
1013 1735 1075 1769 ubi
1094 1735 1132 1769 in
1150 1735 1269 1769 forma
1284 1746 1350 1769 sua
1364 1735 1616 1780 supracaelesti

346 1790 494 1832 residet,
507 1796 585 1824 tum
607 1791 774 1825 Mentem
792 1791 1096 1834 Intellectualem,
1111 1797 1150 1825 ut
1169 1791 1201 1825 ἃ
1219 1790 1417 1832 Animum;
1443 1791 1502 1824 hae
1516 1790 1616 1825 enim

348 1847 417 1880 sibi
430 1853 557 1880 mutuo
571 1847 822 1881 subordinatae
834 1846 1015 1891 principia
1026 1853 1158 1890 gerunt
1171 1847 1336 1880 omnium
1348 1847 1616 1891 operationum,

347 1914 430 1947 quae
449 1903 486 1936 in
505 1902 736 1937 inferioribus
756 1902 910 1946 sphaeris
929 1903 1099 1937 existunt.
1137 1903 1291 1947 Sphaera
1307 1903 1512 1937 Causarum
1530 1902 1616 1936 inde

346 1958 570 2003 producitur,
586 1969 742 2003 quarum
763 1958 986 2002 Complexus
1000 1965 1055 1992 est
1075 1958 1286 2001 Cerebrum,
1301 1957 1516 2002 cumprimis
1536 1958 1615 1992 Me-

348 2013 498 2056 dullare,
522 2024 606 2046 cum
634 2013 836 2056 Cerebello,
862 2013 1029 2046 Medulla
1057 2013 1270 2056 Oblongata
1296 2013 1327 2047 &
1356 2012 1509 2056 Spinali,
1533 2023 1616 2057 quae

348 2068 431 2102 ideo
461 2079 526 2113 per
557 2069 654 2102 Ossa
685 2069 717 2102 ἅ
743 2068 956 2111 Vertebras,
983 2068 1077 2103 sicut
1106 2080 1172 2113 per
1199 2068 1349 2111 Maenia,
1375 2074 1547 2112 separata
1571 2079 1615 2102 ac

348 2123 605 2158 disterminata
627 2130 682 2158 est
708 2135 729 2157 a
757 2123 911 2168 Sphaera
937 2123 1085 2165 infima;
1113 2124 1194 2157 haec
1220 2134 1283 2171 seu
1312 2123 1467 2168 Sphaera
1493 2122 1615 2157 Effec-

347 2185 463 2221 tuum‚
487 2185 543 2213 est
569 2190 679 2213 omne
706 2179 898 2224 reliquum,
922 2179 1022 2223 quod
1047 2179 1195 2224 proprie
1222 2179 1365 2222 Corpus
1391 2178 1504 2221 audit,
1530 2189 1615 2213 cum

349 2234 424 2268 suis
444 2234 615 2278 Organis,
635 2234 859 2277 Visceribus,
875 2235 1038 2268 Artubus
1058 2234 1091 2268 ἃ
1110 2234 1227 2268 Toris.
1277 2234 1430 2267 Prorsus
1449 2233 1616 2268 similiter

348 2300 391 2324 ac
417 2290 453 2323 in
480 2290 689 2331 Universo;
716 2290 753 2323 in
780 2301 852 2334 quo
878 2289 990 2324 etiam
1016 2296 1089 2324 tres
1118 2289 1282 2334 Sphaerae
1308 2289 1454 2333 dantur,
1473 2289 1612 2325 scilicet

351 2344 631 2390 Principiorum‚
650 2345 867 2389 Causarum,
886 2345 918 2380 ὃς
938 2345 1158 2380 Effectuum.
