1835 2672
436 177 480 212 26
851 176 993 212 PARS
1025 176 1294 222 SECUNDA,

436 275 587 325 Fibris,
611 273 649 315 81
675 288 752 328 per
778 273 857 315 has
886 275 1076 316 mediate
1105 275 1244 324 vasis,
1267 288 1313 316 se
1343 280 1551 317 testatam
1582 274 1686 316 facit

436 343 474 384 &
511 344 703 385 declarat
741 357 818 397 per
851 358 1086 397 purpuram
1124 344 1161 385 ἃ
1202 343 1448 394 candorem,
1485 358 1536 384 ac
1575 344 1686 384 inter

434 418 666 466 utrumque
696 413 862 453 medias
891 414 1111 462 tincturas,
1142 413 1298 466 quibus
1329 413 1440 453 sicut
1471 411 1686 453 coloribus

432 482 622 523 variatas
644 481 740 522 illas
761 481 872 522 telas
893 482 1060 534 pingit;
1092 481 1350 534 sanguinem
1373 481 1487 522 enim
1514 482 1557 521 in
1584 494 1685 521 can-

433 551 623 591 didiores
639 556 800 600 textus,
816 550 896 603 ipsi
915 550 1196 590 oblectationi
1214 550 1531 600 convenienter,
1544 549 1683 599 insert,

432 619 471 660 δε
493 619 552 660 sic
573 618 797 672 quoddam
819 618 1044 671 spirituale
1075 618 1265 658 mixtum
1298 618 1499 668 naturali,
1520 618 1685 672 perspi-

434 702 563 729 cuum
585 688 710 728 sistit.
772 687 941 739 Quarta
961 700 1063 726 vero
1085 686 1244 727 Forma
1265 700 1339 727 seu
1362 686 1569 737 Caelestis,
1587 700 1684 739 quae

434 763 499 797 est
527 757 689 796 Mentis
717 761 887 804 nostrae,
908 754 1088 806 ejusque
1109 754 1337 805 Amorum,
1359 755 1424 795 his
1451 755 1686 796 colorifica-

433 826 623 865 tionibus
646 824 835 864 fiammae
867 823 1094 875 cujusdam
1124 823 1267 863 radios
1298 824 1472 876 penitus
1502 824 1686 864 subinsi-

434 900 550 943 nuat,
565 893 876 946 picturamque,
892 890 1053 932 caelesti
1076 891 1268 944 quodam
1286 891 1324 932 &
1346 891 1556 945 spirituali
1572 892 1684 945 igne,

385 980 387 982 ·
435 963 574 1003 elevat
597 961 635 1002 ἃ
653 961 863 1008 accendit,
881 973 1018 1012 usque
1040 965 1087 1000 ut
1109 959 1258 1000 laetum
1280 959 1386 1000 illud
1408 973 1466 1000 ex
1485 960 1685 1001 desiderii

434 1032 549 1072 facta
570 1031 706 1083 copia,
729 1030 790 1070 ita
810 1029 866 1069 ad
887 1029 1046 1079 vivum,
1064 1028 1244 1079 eluceat,
1261 1034 1309 1069 ut
1329 1029 1625 1082 unusquisque
1641 1029 1685 1070 id

433 1100 598 1152 absque
620 1098 810 1139 doctrice
831 1097 1012 1138 scientia
1039 1098 1178 1150 primo
1206 1097 1363 1138 intuitu
1388 1097 1540 1150 rapiat.
1603 1097 1687 1138 His

437 1168 649 1221 Suprema
682 1167 853 1215 Forma,
882 1179 957 1206 seu
986 1171 1144 1206 nostrae
1173 1164 1362 1215 Animae,
1397 1165 1686 1219 Supracaeles-

434 1244 523 1278 tem
547 1236 735 1277 infundit
758 1235 910 1284 lucem,
932 1235 975 1274 id
998 1239 1074 1283 est,
1096 1235 1231 1274 vitam
1254 1247 1262 1284 ;
1284 1247 1358 1274 seu
1377 1234 1524 1274 omnia
1541 1234 1686 1274 Faciei

434 1314 522 1347 tuae
544 1304 754 1358 punctula
781 1304 876 1343 luce
903 1317 980 1343 sua
1010 1301 1211 1351 vivificat,
1234 1308 1309 1342 aut
1338 1302 1429 1342 vita
1458 1301 1686 1353 illuminat,

435 1376 540 1414 dum
563 1374 719 1414 Altera
742 1370 1021 1424 Spiritualem
1043 1371 1081 1411 ei
1109 1371 1219 1411 indit
1243 1370 1280 1411 ἃ
1303 1370 1450 1411 subdit
1471 1370 1657 1411 calorem
1677 1385 1686 1421 ;

437 1444 474 1484 ἃ
496 1442 646 1483 Tertia
668 1441 881 1481 Naturam
905 1440 1006 1480 vitae
1031 1439 1242 1492 adjungit,
1266 1438 1304 1479 &
1332 1452 1506 1492 prorsus
1536 1452 1687 1479 secun-

436 1513 540 1551 dum
573 1510 761 1550 fiammae
794 1509 916 1548 istius
946 1507 1270 1556 evibrationem,
1292 1507 1457 1557 faciem,
1480 1508 1590 1548 sicut
1610 1507 1685 1548 flo-

436 1593 538 1627 rem,
576 1578 741 1618 rubella
780 1576 818 1617 ἃ
858 1575 1057 1625 candore,
1090 1581 1271 1616 venuste
1308 1576 1438 1628 tingit
1464 1592 1471 1616 :
1518 1575 1686 1628 Quarta

436 1662 538 1688 vero
579 1648 694 1700 ipsas
735 1644 868 1686 trahit
907 1644 944 1684 &
985 1644 1187 1697 designat
1226 1643 1360 1683 lineas
1385 1657 1394 1693 ;
1440 1643 1477 1683 &
1520 1642 1687 1696 Quinta

439 1729 589 1756 omnes
623 1715 702 1754 has
734 1713 1074 1762 conformitates,
1107 1713 1217 1753 sicut
1251 1713 1292 1752 in
1323 1712 1431 1760 velo,
1465 1718 1685 1765 exportat.

438 1787 580 1826 Tuere
609 1784 701 1837 jam
733 1797 789 1823 ex
818 1781 901 1822 hoc
932 1781 1119 1834 speculo,
1142 1780 1281 1833 qualis
1303 1781 1394 1833 ipse
1416 1780 1537 1822 Ordo
1558 1781 1626 1830 sit,
1647 1780 1685 1821 &

439 1853 661 1907 quomodo
701 1850 935 1905 Spirituale
975 1863 1033 1890 ex
1068 1849 1280 1899 Naturali,
1312 1849 1349 1890 &
1384 1849 1592 1890 Divinum
1628 1863 1685 1889 ex

441 1924 674 1975 Corporeo,
695 1919 877 1972 proinde
901 1918 1022 1959 Ordo
1052 1923 1169 1958 totus
1193 1924 1393 1970 quantus,
1416 1917 1580 1968 elucet;
1613 1919 1685 1971 qui

439 1992 539 2044 quia
555 1991 818 2042 Supremum
834 1993 1029 2027 nostrum
1044 1986 1081 2027 &
1094 1986 1201 2039 Ejus
1211 1987 1422 2027 Amorem
1438 1985 1576 2036 refert,
1587 1987 1686 2027 ideo

440 2060 533 2099 Nos
557 2058 774 2105 Caelestes,
794 2069 891 2109 quae
913 2069 1060 2095 sumus
1083 2055 1190 2107 Ejus
1212 2055 1432 2107 imagines,
1456 2054 1559 2094 dum
1593 2055 1687 2095 Nos

441 2127 631 2180 Corpore
654 2124 888 2173 amicimus,
913 2137 999 2164 non
1025 2123 1166 2172 aliam,
1193 2136 1323 2175 quam
1358 2123 1623 2172 Humanam,
1647 2123 1685 2164 δε

439 2196 501 2236 tui
524 2194 721 2243 similem,
742 2192 928 2241 Faciem,
944 2206 1173 2245 possumus
1194 2191 1373 2231 induere
1391 2205 1400 2242 ;
1424 2204 1481 2231 ex
1502 2192 1553 2231 ea
1569 2192 1684 2235 enim

441 2263 726 2316 agnoscimur,
762 2262 848 2314 qua
883 2274 1032 2301 sumus
1073 2260 1248 2314 origine.
1311 2259 1422 2300 Haec
1454 2260 1603 2301 omnia
1640 2274 1687 2301 se

444 2338 622 2385 accepta
644 2331 784 2372 ferunt
807 2329 842 2370 F
846 2329 948 2370 ibris
967 2344 977 2382 ;
999 2342 1099 2371 nam
1118 2328 1322 2383 quicquid
1340 2329 1484 2382 agitur
1499 2329 1542 2369 in
1560 2328 1691 2378 fibris,
