1783 2760
405 183 483 216 DE
519 181 778 226 CONJUGJO
807 181 1189 216 PRfflJOGENJTJ.
1379 190 1418 224 31

173 286 220 320 ut
244 279 348 320 fines
370 285 592 320 vertantur
613 279 656 318 in
679 278 822 329 Usus;
845 279 973 319 Mens
989 293 1090 319 vero
1112 279 1332 320 Naturalis
1347 292 1421 319 seu

172 349 373 397 Animus,
395 362 491 400 quae
514 347 604 400 agit
624 347 759 386 vitam
782 347 1017 387 animalem
1044 347 1081 388 ἃ
1112 347 1421 395 mediatricem,

174 430 330 457 usuum
365 416 509 456 media
543 414 724 454 mandat
761 415 803 454 in
842 414 1049 463 Effectus,
1071 416 1144 468 qui
1176 415 1334 455 finibus
1365 415 1421 455 ad

172 486 379 526 amussim
419 483 814 536 correspondeant:
848 483 918 523 Ita
958 484 1153 523 omnium
1189 485 1421 524 effectuum

172 554 348 594 Animae
368 558 469 593 sunt
492 553 631 601 Fines,
656 551 694 592 ἃ
717 552 912 591 omniurn
936 551 1086 592 finium
1111 552 1305 605 Corpora
1322 559 1424 593 sunt

174 622 379 669 Effectus,
410 634 519 673 quos
551 620 746 660 mediant
777 621 920 661 Usus:
953 621 1013 661 sic
1046 621 1267 670 Divinum,
1297 635 1322 661 a
1353 635 1423 661 su-

171 690 341 743 premis,
364 689 407 728 in
436 688 627 742 delapsu,
658 702 704 729 se
735 689 941 729 continuo
973 689 1113 729 induit
1142 696 1308 729 naturae
1340 690 1423 729 for-

173 759 280 808 mis;
313 758 398 798 fere
428 758 539 798 sicut
562 757 772 798 Centrum
795 757 1106 798 orbicularibus
1126 758 1263 810 spiris,
1287 771 1423 810 usque

172 827 228 867 ad
250 826 452 866 ultimum
474 832 639 866 naturae
663 826 845 866 limitem
864 840 873 876 3
895 827 962 866 cui
984 833 1086 866 tunc
1103 827 1251 867 omnia
1269 827 1424 867 decen-

172 896 338 935 tissime
360 895 565 947 inscripta
586 895 750 935 sedent.
811 894 931 934 Talis
958 895 1051 947 jam
1082 901 1148 935 est
1172 896 1424 947 unaquaevis

172 964 237 1016 tui
259 963 463 1016 Corporis
496 962 780 1012 Motiuncula,
802 977 899 1016 quae
920 963 1071 1003 Vitam
1094 977 1216 1003 suam
1239 962 1426 1003 Anima-

173 1032 260 1072 lem
295 1032 350 1072 ab
383 1031 632 1079 EffectibuS‚
666 1045 789 1071 suam
823 1032 1055 1073 Caelestem
1092 1032 1147 1071 ab
1180 1032 1355 1080 Usibus,
1387 1031 1425 1071 &

176 1100 536 1153 Supracaelestem
570 1114 596 1140 a
627 1099 806 1140 Finibus
839 1100 1022 1148 Usuum,
1048 1100 1181 1140 trahit
1211 1099 1249 1139 &
1280 1099 1426 1140 nanci-

173 1170 306 1209 scitur
326 1183 335 1219 ;
358 1168 472 1208 unde
490 1169 764 1209 Motiuncula
781 1168 853 1209 illa
873 1168 1066 1209 humano
1084 1169 1276 1209 induitur
1296 1168 1427 1216 cultu,

175 1238 214 1279 &
255 1238 413 1278 dicitur
445 1237 608 1288 Actio;
650 1237 771 1290 cujus
813 1237 1014 1286 minimis,
1057 1238 1167 1278 sicut
1209 1237 1427 1286 maximis,

175 1307 303 1347 Mens
323 1312 398 1346 tua
414 1306 598 1359 penitus,
620 1305 657 1346 ἃ
674 1305 840 1346 Anima
862 1307 1024 1355 intime,
1043 1319 1121 1346 suo
1138 1307 1288 1346 ordine
1302 1306 1428 1355 inest,

176 1375 214 1415 &
237 1375 328 1428 ejus
350 1381 513 1415 statum
536 1374 702 1427 perficit
720 1374 758 1415 ἃ
780 1375 979 1427 integrat.

238 1454 326 1493 104.
361 1442 449 1484 Sed
486 1443 554 1482 hic
591 1442 858 1495 Semigyrus,
894 1449 941 1483 ut
978 1443 1195 1495 integrum
1231 1441 1428 1495 perficiat

174 1524 343 1564 gyrum,
365 1511 476 1551 sicut
497 1525 522 1551 a
543 1511 692 1563 primis
714 1511 816 1551 vitae
839 1510 894 1550 ad
917 1510 1071 1551 ultima
1098 1516 1263 1551 naturae
1291 1524 1337 1550 se
1364 1510 1427 1549 in-

174 1580 320 1629 volvit,
356 1580 417 1619 ita
457 1579 512 1619 ab
553 1579 716 1619 ultimis
757 1584 924 1619 naturae
961 1579 1016 1619 ad
1057 1580 1197 1632 prima
1232 1579 1346 1628 vitae,
1382 1592 1428 1618 se

175 1648 383 1688 continuo
405 1648 561 1687 iterum
584 1647 801 1688 revolvet:
830 1654 963 1688 exuet
992 1647 1195 1687 nimirum
1225 1647 1428 1699 Corporis

175 1717 240 1756 sui
277 1715 315 1756 ἃ
349 1716 530 1756 Naturae
562 1715 733 1764 formas,
758 1729 808 1755 ac
836 1716 879 1755 in
906 1716 1109 1756 interiora
1130 1715 1195 1754 sui
1217 1714 1427 1763 relabens,

176 1785 374 1824 reinduet
409 1783 616 1824 Caelestes
653 1797 752 1824 cum
786 1783 1102 1836 Supracaelesti‚
1134 1783 1291 1836 quibus
1327 1783 1429 1823 solis

175 1851 304 1904 hujus
328 1851 503 1892 Ordinis
524 1851 628 1891 Vita
650 1851 761 1891 inest
780 1865 788 1892 :
821 1851 988 1892 Caelum
1010 1851 1125 1891 enim
1148 1852 1191 1891 in
1214 1851 1429 1892 Naturam

176 1920 336 1960 intrare
367 1925 523 1972 potest,
558 1932 774 1971 nusquam
803 1933 906 1959 vero
942 1919 1110 1960 Natura
1152 1920 1194 1959 in
1233 1919 1399 1961 Caelum
1419 1933 1429 1970 ;

177 1987 320 2027 nullus
355 2001 551 2027 accessus
588 1993 653 2027 est
682 1987 815 2027 Morti
844 1987 900 2027 ad
921 1987 1083 2037 Vitam,
1108 1986 1146 2028 &
1171 1987 1352 2028 Umbrae
1373 1987 1429 2027 ad

180 2055 370 2105 Lucem3
402 2056 559 2108 quibus
594 2055 674 2095 nisi
710 2055 927 2104 abstersis,
955 2056 1080 2109 copia
1109 2055 1279 2096 fruendi
1309 2055 1428 2098 Caelo

180 2136 394 2176 nusquam
416 2124 676 2164 conceditur.
738 2122 885 2176 Quare
907 2124 950 2163 in
975 2124 1166 2177 Corpore
1186 2130 1272 2170 tuo,
1289 2124 1429 2164 ultimi

180 2197 346 2231 naturae
371 2191 564 2231 Effectus
596 2205 673 2244 per
693 2205 896 2232 sensuum
919 2191 1030 2232 fores
1062 2192 1306 2240 intromissi,
1328 2192 1430 2232 vitae

181 2260 431 2308 mediatrici,
470 2261 537 2300 cui
572 2259 780 2300 naturalis
821 2260 932 2300 inest
967 2260 1125 2310 anima,
1166 2260 1246 2300 sub
1286 2261 1429 2312 specie

182 2328 389 2378 idearum,
412 2329 570 2369 dantur
590 2328 890 2380 custodiendi;
922 2329 964 2369 in
996 2328 1063 2369 his
1095 2329 1181 2369 suis
1209 2329 1428 2379 custodiis,
