1835 2672
306 131 353 164 44
533 122 718 158 CAPUT
745 98 1062 169 SECUNDUM,
1096 125 1290 162 SECTJO
1321 127 1351 161 J.

309 220 462 262 Polum
479 223 687 263 arcticum
707 224 884 264 Zodiaci
905 223 942 264 ἃ
960 224 1052 277 ejus
1072 225 1314 265 maximam
1334 225 1389 265 ab
1406 225 1574 279 AEqua-
1597 259 1601 262 ,

307 296 402 330 tore
419 298 708 341 curvaturam,
724 293 791 332 cui
815 292 891 333 Sol
909 294 1084 333 aestivus
1103 307 1188 333 non
1213 308 1238 334 a
1259 294 1421 334 vertice
1442 295 1575 335 radiis

308 359 495 409 directis,
519 374 597 400 nec
619 375 644 400 a
669 361 803 401 latere
827 362 1008 401 nimium
1040 362 1239 415 obliquis,
1264 363 1574 412 incumbebat;

308 427 385 467 sed
404 429 476 468 ubi
495 430 716 481 quendam
737 431 929 470 medium
949 430 1093 471 focum
1112 431 1225 471 inter
1240 445 1366 471 suum
1384 431 1573 472 calorem

311 496 349 537 &
372 498 518 551 frigus,
540 513 615 539 seu
639 513 865 551 supremos
889 514 1104 549 ascensus,
1124 501 1290 550 statuit,
1315 500 1352 541 ἃ
1376 501 1435 542 sic
1457 501 1575 541 unde

310 580 336 606 a
357 568 549 619 quodam
573 568 705 608 annui
729 569 793 608 sui
821 574 940 608 ortus
971 568 1008 608 Sc
1039 582 1218 609 occasus
1250 576 1401 610 centro
1429 583 1573 610 aerem

310 635 555 688 subjectum
578 650 666 689 prae
690 637 856 677 caeteris
889 638 1120 678 mitissimo
1149 638 1265 679 Vere
1291 639 1436 691 potuit
1463 644 1575 679 tem-

309 718 473 757 perare.
536 705 635 755 Hic,
659 706 852 758 inquam,
878 705 1023 745 Lucus
1051 713 1142 747 erat
1164 712 1283 746 totus
1309 707 1573 756 Pomarium,

310 773 528 813 frondosis
560 775 691 814 ramis
724 781 877 814 mutuo
914 774 1187 827 complicatis
1224 775 1286 816 ita
1321 775 1494 824 densus,
1527 781 1575 816 ut

311 842 467 882 umbra
501 844 579 890 sua
612 843 790 882 diurnos
824 849 957 882 aestus
986 843 1216 896 frangeret,
1239 844 1276 884 ἃ
1311 845 1404 884 dies
1434 843 1576 884 adhuc

310 911 517 951 blandius
549 911 829 964 refrigeraret,
863 911 900 952 ἃ
934 912 993 951 sic
1024 912 1148 965 quasi
1179 912 1269 952 Ver
1300 926 1461 952 novum
1494 911 1576 952 sub

311 981 533 1020 communi
570 980 713 1020 eidem
751 981 999 1020 induceret:
1046 980 1141 1020 heic
1178 981 1310 1021 etiam
1348 980 1577 1021 fluminula

311 1049 587 1098 exsiliebant,
624 1064 722 1103 quae
763 1049 1047 1102 divergentia,
1085 1063 1232 1090 aream
1270 1050 1363 1102 ejus
1398 1049 1577 1103 pulchre

311 1119 606 1172 perforabant,
639 1133 696 1159 ex
728 1119 885 1171 quibus
921 1133 1059 1171 vapor
1093 1133 1118 1158 a
1155 1119 1287 1159 radiis
1321 1132 1459 1171 usque
1495 1117 1577 1158 sub

313 1200 461 1227 comas
487 1188 690 1227 arborum
722 1188 980 1235 subtractuS,
1005 1187 1043 1227 ἃ
1074 1187 1132 1227 ibi
1162 1188 1371 1240 pendens,
1394 1187 1578 1228 deciduo

313 1270 407 1297 rore
430 1256 612 1296 humum
635 1257 844 1296 continuo
867 1256 1149 1297 refocillabat.
1201 1257 1288 1296 Hic
1310 1263 1402 1296 erat
1427 1257 1580 1296 PARA-

313 1334 455 1366 DISUS
484 1335 538 1365 IN
570 1326 832 1373 PARADISO,
863 1339 937 1365 seu
968 1326 1103 1365 totius
1133 1339 1375 1365 nemorosae
1409 1325 1447 1366 ἃ
1481 1325 1579 1365 hor-

312 1393 476 1435 tulanae
509 1394 655 1434 Terrae
688 1394 885 1434 delitium
920 1394 957 1434 ἃ
988 1395 1185 1445 coronis;
1218 1395 1415 1435 omnium
1445 1395 1578 1434 etiam

313 1462 469 1504 ultimo
498 1463 766 1515 assurgebat,
796 1463 833 1503 ἃ
862 1462 945 1502 hoc
974 1469 1171 1503 centrum
1205 1464 1428 1503 radiorum
1464 1463 1581 1505 Solis

314 1532 564 1572 coronabat.
628 1533 678 1572 In
703 1532 794 1585 ejus
817 1533 974 1573 iterum
998 1533 1144 1573 medio
1168 1539 1260 1572 erat
1285 1532 1455 1580 Pomus,
1480 1545 1578 1584 quae

315 1602 512 1641 omnium
549 1602 909 1654 pretiosissimum
947 1601 1153 1655 portabat
1195 1601 1383 1649 ovulum,
1417 1601 1459 1640 in
1492 1614 1580 1653 quo

315 1676 526 1722 tanquam
558 1672 599 1710 in
629 1670 801 1710 cimelio
830 1677 984 1710 natura
1015 1670 1203 1723 seipsam
1232 1683 1332 1710 cum
1366 1670 1580 1722 supremis

317 1739 404 1778 suis
438 1739 645 1792 potentiis
675 1739 712 1779 ἃ
745 1740 894 1792 copiis,
923 1738 1339 1779 consummatissimi
1375 1738 1579 1791 Corporis

316 1808 591 1848 initiamenta
619 1808 784 1857 futuris,
808 1808 1098 1848 recondebat:
1129 1807 1223 1847 haec
1254 1808 1414 1847 Pomus
1443 1820 1500 1846 ex
1527 1820 1579 1846 eo

315 1877 433 1916 dicta
455 1876 535 1917 fuit
556 1876 731 1917 ARBOR
754 1877 902 1917 VITAE.

376 1956 439 1997 33.
472 1946 559 1986 Sed
591 1946 782 1987 Ovulum
811 1946 892 1986 hoc
921 1946 1117 1986 nondum
1147 1945 1444 1986 faecundatum
1475 1949 1578 1993 erat,

318 2014 451 2054 modo
475 2015 643 2054 Natura
667 2015 708 2054 in
731 2015 784 2063 id,
810 2021 855 2055 ut
879 2016 920 2054 in
943 2028 1110 2054 sacram
1135 2015 1357 2067 quandam
1376 2012 1579 2062 arculam,

258 2122 265 2128 ‚
318 2098 417 2124 suas
451 2084 836 2136 praestantissimas
871 2097 1014 2136 gazas,
1049 2083 1086 2123 &
1122 2096 1261 2122 rerum
1296 2081 1445 2134 pretia,
1479 2094 1581 2120 con·

318 2153 465 2205 gessit,
501 2152 539 2193 δε
577 2152 619 2192 id
656 2159 746 2193 tam
790 2152 924 2192 nobili
961 2158 1176 2205 apparatu
1215 2150 1445 2199 instruxit„
1469 2150 1581 2190 Sicut

319 2235 480 2274 sponsa
512 2234 637 2262 suum
670 2221 924 2269 thalamum,
951 2221 1055 2260 dum
1089 2219 1235 2273 sponsi
1269 2219 1518 2266 adventum,
1543 2217 1581 2258 &

321 2292 421 2331 novi
445 2290 620 2331 foederis
643 2290 862 2339 libamina,
887 2295 1130 2342 exspectat.
1181 2288 1292 2329 Cum
1315 2287 1375 2327 ita
1400 2287 1581 2336 Natura,
