1835 2672
365 153 409 196 38
606 151 791 188 CAPUT
819 153 1058 197 PRIMUM,
1092 153 1287 188 SECTIO
1321 154 1394 189 JJJ.

364 257 510 291 essent
552 251 702 305 epulis,
739 251 795 291 ad
837 252 1052 292 secundas
1089 265 1219 305 super
1253 250 1441 291 Telluris
1481 253 1629 293 stratis

364 326 541 361 ornatas
579 334 753 360 mensas
788 321 1126 373 proreptabant:
1168 320 1357 372 denique
1391 320 1629 373 majoribus

367 389 588 439 Monstris,
619 403 716 442 quae
746 389 978 430 latifundia
1006 403 1230 442 aquarum,
1261 389 1372 429 sicut
1405 403 1528 430 suam
1559 389 1628 430 fir-

365 472 483 498 mam
507 458 737 499 calcabant
759 458 953 499 humum.
1016 458 1177 500 Omnia
1195 457 1288 510 jam
1312 457 1630 499 Animantibus

364 541 439 568 seu
480 527 730 567 Animabus
771 527 966 580 Corpore
1005 527 1262 576 viventibus
1305 527 1434 580 plena
1476 533 1599 568 erant
1620 540 1628 567 :

363 597 691 650 unumquodvis
731 610 925 649 gramen,
960 596 1199 644 arbustum,
1238 595 1276 636 ἃ
1314 609 1468 635 nemus
1504 597 1628 649 quasi

364 665 609 715 exultabat,
627 666 744 718 quod
764 666 856 718 jam
881 679 982 705 suos
1004 666 1123 705 sinus
1147 666 1188 704 in
1212 665 1404 705 lautitias
1425 665 1629 718 pandere,

365 734 403 774 &
427 735 550 775 novis
572 735 723 774 incolis
745 735 916 787 opimas
933 735 1070 787 dapes
1090 734 1127 774 ἃ
1145 735 1359 788 primitias
1383 748 1439 774 ex
1462 748 1508 774 se
1530 747 1629 787 por-

364 805 502 857 rigere
537 804 763 857 potuisset.
839 804 958 844 Nihil
997 810 1089 844 erat
1124 805 1345 853 omissum,
1382 817 1483 844 nam
1521 804 1628 856 ipsae

363 872 703 926 Atmosphaerae,
727 879 774 913 ut
804 872 841 913 ἃ
875 873 1091 922 Flumina,
1121 886 1222 913 suos
1254 879 1517 925 receperant,
1541 872 1629 913 ale-

363 943 558 994 bantque
581 942 821 994 indigenas,
841 942 878 982 &
901 942 962 982 eis
979 955 1155 982 omnem
1173 942 1437 982 auxiliorum
1455 942 1629 995 copiam

363 1011 445 1051 sibi
469 1024 734 1059 concessam,
757 1017 914 1063 sponte
935 1010 1191 1051 offerebant.
1235 1010 1323 1052 Sed
1345 1012 1463 1063 quod
1486 1010 1630 1051 adhuc

366 1080 560 1121 Paradisi
602 1080 890 1133 perpetuique
931 1079 1024 1132 ejus
1064 1079 1191 1119 Veris
1229 1086 1405 1120 naturas
1441 1079 1480 1120 &
1516 1079 1629 1120 vitas

363 1149 494 1190 altius
518 1149 731 1199 elevabat,
754 1154 858 1197 erat,
880 1149 1000 1201 quod
1023 1147 1129 1188 nihil
1155 1162 1242 1188 non
1272 1148 1500 1201 cujusdam
1529 1148 1630 1189 novi

366 1217 515 1259 Ovarii
538 1225 694 1271 typum
719 1218 761 1257 in
779 1231 825 1257 se
842 1223 1195 1270 repraesentaret,
1228 1218 1372 1270 ipsum
1394 1217 1477 1257 hoc
1499 1217 1631 1258 Viva·

364 1286 475 1327 rium
498 1288 540 1326 in
563 1300 734 1339 genere,
756 1286 914 1339 specie,
937 1285 974 1325 &
998 1286 1234 1335 individuo,
1260 1286 1463 1338 Regnum
1492 1298 1550 1325 ex
1579 1285 1630 1325 iis

363 1362 577 1409 perpetuo
619 1356 915 1395 animaturum
958 1355 1195 1405 referebat;
1243 1354 1512 1395 Viridarium
1554 1367 1629 1394 seu

365 1425 457 1478 ipse
482 1425 663 1473 Hortus,
680 1424 879 1463 similiter
897 1424 938 1463 in
962 1424 1048 1463 suis
1071 1424 1310 1476 speciebus,
1327 1422 1532 1476 quicquid
1554 1436 1631 1475 per

365 1494 515 1534 omnia
538 1500 638 1546 post
662 1507 761 1533 eum
783 1492 945 1532 saecula
974 1492 1236 1545 Vegetabile
1265 1492 1459 1532 futurum
1489 1497 1629 1543 esset;

364 1577 538 1616 prorsus
561 1563 616 1602 ad
640 1563 865 1602 imitamen
891 1561 1067 1614 Magnae
1099 1561 1295 1601 Parentis
1325 1575 1401 1602 seu
1431 1561 1631 1611 Telluris,

364 1646 462 1684 quae
503 1632 613 1672 sicut
657 1631 879 1679 Ovarium,
919 1630 1059 1680 simul,
1099 1629 1136 1670 ἃ
1179 1630 1221 1669 in
1259 1644 1345 1670 uno
1381 1629 1628 1684 complexu,

365 1714 518 1741 omnes
542 1700 795 1753 Regnorum
819 1713 995 1739 suorum
1019 1699 1150 1739 foetus
1173 1700 1399 1749 continuit,
1418 1699 1455 1739 ἃ
1478 1713 1629 1740 secun-

365 1770 498 1810 dante
521 1770 646 1817 Vere,
664 1782 798 1808 unum
818 1768 969 1808 ordine
991 1774 1090 1821 post
1113 1767 1296 1808 alterum
1321 1768 1534 1808 exclusit:
1567 1769 1628 1809 ita

367 1838 798 1892 Repraesentationes
828 1836 1110 1890 particulares
1139 1843 1262 1877 erant
1293 1836 1481 1889 Specula
1509 1850 1628 1877 com-

365 1907 584 1947 munium:
615 1907 709 1960 ipsa
723 1907 855 1946 etiam
871 1905 1021 1946 Tellus
1037 1906 1079 1945 in
1098 1919 1143 1945 se
1161 1905 1358 1945 similiter
1375 1905 1625 1946 Maximum

365 1976 523 2016 Mundi
554 1975 718 2017 Solaris
748 1975 893 2016 Ovum
920 1975 1168 2028 effigiabat;
1222 1975 1321 2014 Hoc
1343 1974 1458 2014 enirn
1481 1980 1528 2015 ut
1550 1988 1627 2014 ex-

365 2044 533 2097 emplar
556 2043 592 2083 ἃ
618 2044 715 2084 idea
739 2044 999 2085 Ovariorum
1023 2058 1079 2083 ex
1102 2057 1148 2083 se
1170 2043 1465 2092 existentium,
1486 2044 1627 2094 simul,

365 2114 403 2155 &
427 2113 469 2153 in
493 2127 579 2154 uno
602 2113 849 2166 complexu,
866 2113 1072 2166 quicquid
1092 2114 1135 2153 in
1155 2113 1325 2153 Mundo
1342 2126 1433 2161 suo,
1447 2112 1627 2167 ejusque

365 2182 529 2230 Globis,
558 2182 746 2222 Telluris
776 2187 936 2222 nostrae
970 2182 1150 2231 aemulis,
1182 2182 1391 2234 temporis
1424 2195 1626 2224 successu

364 2252 640 2305 proditurum
678 2256 801 2299 esset,
836 2251 1053 2304 portabat.
1115 2250 1232 2303 Quid
1270 2263 1356 2290 non
1393 2250 1435 2289 in
1469 2252 1626 2304 princi-

365 2321 535 2373 piorum
558 2319 755 2360 omnium
778 2319 1007 2373 Principio,
1028 2333 1103 2360 seu
1126 2320 1168 2359 in
1192 2319 1352 2359 Divina
1379 2318 1417 2360 &
1448 2319 1627 2362 Infinita
