1783 2760
444 151 522 186 DE
552 151 751 186 AMORE
781 151 1163 185 PRIMOGENJTJ.
1366 159 1426 193 171

181 263 206 290 a
236 249 386 290 rabido
418 249 490 290 illo
524 251 649 290 cane'
670 248 868 288 infernali
905 248 1128 288 dilacerari
1164 262 1214 289 ac
1251 248 1436 288 discindi

181 331 335 371 passus
370 324 461 368 est;
493 331 580 370 quo
611 317 714 366 viso,
750 316 991 369 Supremus
1028 323 1183 364 noster,
1219 330 1272 356 ne
1308 315 1437 356 simul

181 386 323 439 ipsum
362 386 649 439 Unigenitum
681 385 933 437 justissimae
968 398 1057 424 suae
1088 385 1160 424 irae
1192 385 1435 431 devoveret,

182 454 384 506 deposuit
421 467 498 494 sua
534 453 744 502 fulmina;
776 466 826 493 ac
865 452 994 492 Illum
1032 452 1189 492 frustra
1225 466 1352 492 orans
1389 458 1436 492 ut

180 522 449 573 discederet;
498 522 579 562 Ille
606 536 663 562 ex
691 522 870 561 Amoris
900 520 1237 574 flagrantissimo
1265 521 1364 572 igne
1392 520 1435 560 id

180 591 332 640 renuit,
356 590 616 644 supplicans,
639 596 687 631 ut
708 590 869 643 ignaris
892 590 974 629 illis
995 603 1046 630 ac
1068 589 1311 629 insontibus
1340 602 1438 641 par-

180 664 306 708 ceret,
326 665 402 699 aut
426 658 628 712 Seipsum
650 672 749 699 cum
771 658 853 698 illis
881 658 1093 711 perderet,
1117 657 1175 698 Se
1202 657 1312 697 velle
1338 671 1437 697 son-

179 728 289 767 tium
331 727 482 780 culpas
518 727 644 777 luere,
681 740 729 767 ac
765 727 952 779 Justitiae
986 740 1150 780 poenas
1185 726 1315 774 dare;
1358 739 1437 766 nec

179 795 351 844 faceret,
384 802 432 837 ut
464 797 614 836 unicus
645 796 727 845 ille,
760 796 911 835 unicus
941 801 1055 835 esset
1086 796 1128 834 in
1162 794 1308 836 Orbe:
1350 808 1437 847 quo

181 863 493 905 Sanctissimus
518 866 677 905 Parens
700 865 760 905 ita
776 870 1022 904 commotus
1039 870 1115 913 est,
1130 870 1176 904 ut
1193 877 1279 904 non
1296 863 1437 904 solum

178 932 368 985 Justitiae
389 945 478 972 suae
496 931 719 972 flammam
738 932 1046 972 intermitteret
1063 945 1071 981 ;
1105 931 1181 971 sed
1200 937 1437 983 antequam

180 1000 432 1049 discederet,
448 1001 702 1054 promittere
718 1014 774 1040 ex
791 999 958 1040 Amore
980 1006 1156 1040 coactus
1179 1000 1244 1049 sit,
1259 1006 1306 1039 ut
1330 999 1438 1052 Ejus

181 1068 314 1109 solius
334 1069 475 1122 gratia
497 1070 667 1109 Mundo
696 1069 763 1109 isti
792 1069 961 1109 tamdiu
991 1068 1246 1120 indulgeret,
1268 1068 1372 1108 dum
1403 1068 1438 1107 is

182 1142 336 1177 aetates
377 1151 477 1177 suas
513 1137 779 1190 percurrerit,
814 1136 852 1177 ἃ
889 1150 914 1176 a
949 1137 1093 1189 seipso
1127 1136 1359 1185 confectus,
1394 1136 1437 1176 in

182 1219 307 1245 suam
335 1205 541 1257 hyemem
571 1204 608 1245 &
639 1211 825 1254 noctem,
847 1205 959 1245 sicut
987 1205 1114 1245 turba
1143 1204 1245 1257 ejus,
1270 1210 1438 1252 rueret;

183 1273 221 1314 ἃ
243 1273 371 1313 simul
394 1273 549 1314 Amori
576 1279 724 1313 nostro
752 1278 1017 1327 potestatem
1046 1273 1181 1322 dedit,
1202 1279 1438 1326 tyrannum

181 1341 313 1386 illum,
337 1341 508 1382 hostem
540 1355 677 1391 suum,
704 1341 760 1381 ad
789 1340 971 1390 libitum,
993 1341 1174 1381 vinculis
1201 1341 1439 1390 coercendi,

181 1423 232 1450 ac
259 1410 623 1450 manumittendi:
655 1409 756 1450 inde
785 1409 876 1462 ejus
906 1410 1102 1462 potentia
1136 1410 1197 1449 ita
1223 1410 1439 1450 diminuta

182 1484 259 1527 est,
281 1483 328 1518 ut
350 1478 424 1530 qui
446 1479 586 1530 regios
609 1477 716 1518 fines
742 1477 859 1531 prius
889 1478 1084 1527 rexisset,
1101 1477 1194 1530 jam
1224 1478 1336 1518 intra
1364 1491 1439 1518 an-

180 1551 332 1598 gustos
357 1545 516 1586 limites
544 1545 716 1586 clausus
743 1552 953 1587 teneatur.
1015 1546 1125 1587 Inde
1153 1547 1298 1595 etiam,
1321 1547 1439 1586 Mor-

181 1613 291 1654 tales
327 1614 399 1664 illi,
430 1615 486 1655 ab
519 1615 678 1655 unione
710 1628 859 1655 eorum
891 1614 1109 1655 infantum
1140 1628 1239 1655 cum
1271 1611 1439 1655 Amore

181 1688 593 1731 nostro,traxerunt
613 1683 748 1723 vitam
771 1683 899 1723 morti
921 1683 1177 1723 naturaliter
1199 1684 1402 1724 mixtam.

239 1760 303 1802 79.
337 1751 420 1791 His
448 1751 620 1800 auditis,
650 1751 968 1804 Primogenitus
997 1757 1154 1800 noster,
1182 1751 1238 1791 ad
1266 1758 1438 1792 tantum

181 1818 413 1859 discrimen
438 1819 639 1860 Universi
656 1820 843 1872 primum
862 1819 1074 1859 attonitus
1091 1819 1213 1872 quasi
1230 1820 1440 1872 obriguit;

184 1899 291 1926 mox
318 1893 465 1927 autem
493 1886 549 1927 ad
578 1893 670 1927 tam
702 1887 968 1939 stupendum
1000 1886 1178 1927 Amoris
1213 1888 1442 1940 exemplar

183 1954 497 2003 remollescens,
518 1955 680 1995 intimis
702 1954 903 1995 medullis
927 1954 1014 1994 fere
1037 1955 1239 2006 delicuit,
1270 1969 1320 1996 ac
1342 1957 1440 1996 ideo

183 2022 226 2062 in
265 2023 504 2076 Sapientiae
540 2037 630 2063 suae
665 2023 879 2075 gremium
916 2022 1094 2076 illapsus
1124 2037 1222 2064 cum
1254 2024 1441 2076 profusis

184 2090 419 2143 lachrymis
450 2091 523 2131 diu
555 2090 707 2141 haesit;
744 2096 847 2131 tunc
879 2091 1051 2144 penitus
1087 2092 1129 2131 in
1167 2092 1309 2145 seipso
1346 2106 1442 2144 per-

184 2159 432 2208 sentiscens,
466 2159 570 2212 quid
599 2173 724 2199 verus
755 2158 908 2208 Amor,
938 2159 975 2199 &
1005 2160 1109 2212 quid
1141 2161 1230 2200 veri
1262 2159 1442 2201 Amoris

184 2227 371 2268 essentia
411 2232 549 2278 esset;
595 2233 830 2280 postquam
866 2241 968 2268 vero
1003 2229 1282 2269 tenerrimam
1320 2227 1439 2268 illam

184 2294 459 2336 affectionem
481 2309 537 2336 ex
560 2295 726 2336 Amore
748 2302 1062 2349 erumpentem,
1084 2296 1249 2337 laetitiae
1271 2295 1441 2349 lachry-
