1783 2760
475 166 553 200 DE
585 166 783 200 AMORE
814 165 1197 200 PRJMOGENJTJ.
1402 174 1460 209 151

211 276 316 317 pore
352 269 443 311 est;
485 262 558 303 illa
592 263 660 303 via
697 261 837 302 solum
875 263 1068 302 Domino
1105 263 1248 311 Lucis,
1283 262 1320 302 ἃ
1359 262 1466 314 Ejus

211 332 378 381 Amori,
401 338 549 384 patet:
600 332 711 371 Haec
733 344 845 380 vero,
869 344 944 370 seu
968 331 1037 370 via
1060 331 1245 379 inferior,
1268 337 1332 371 est
1362 331 1466 377 sola,

209 413 287 452 per
317 413 449 453 quam
479 400 550 439 ille
581 413 803 452 surrepere
832 413 882 439 ac
918 400 1022 439 eniti
1057 406 1227 452 potest;
1266 413 1366 439 nam
1403 414 1464 448 ea,

209 482 345 521 usque
362 482 387 508 a
404 468 605 508 sensoriis
622 469 769 521 portis,
786 468 878 520 ejus
897 469 1053 508 Mundi
1073 468 1225 507 lumini
1245 482 1294 508 ac
1314 468 1467 516 m'odis,

208 537 390 589 proinde
416 536 687 589 Imaginibus
717 537 759 576 in
790 537 918 576 Ideas
946 537 1092 585 versis,
1115 536 1266 588 patula
1295 543 1387 586 est;
1420 543 1466 576 ut

209 605 248 646 ἃ
281 619 427 645 versus
462 606 630 655 maenia,
663 619 760 658 quae
795 605 999 645 musculis
1036 604 1213 644 loricata
1245 611 1356 652 sunt,
1391 618 1467 657 per

208 687 308 726 quae
330 673 436 713 fines
459 674 592 714 nostri
615 674 656 713 in
680 680 803 714 actus
821 679 1064 726 erumpunt,
1081 673 1123 712 in
1142 673 1355 713 mundum
1373 673 1465 725 ejus

207 748 367 794 aperta.
430 741 495 782 At
530 742 632 794 quia
672 741 754 791 ille,
789 742 999 782 consultis
1035 742 1122 781 suis
1158 742 1281 789 dolis,
1314 755 1464 781 omnes

208 823 382 850 movere
405 810 626 851 machinas
649 811 780 860 novit,
803 811 861 851 ibi
888 811 1089 863 praesidia
1117 811 1354 863 prudenter
1380 810 1463 850 dis-

206 879 458 932 posuimus;
507 879 619 918 Veni
661 892 845 927 mecum,
890 879 928 919 δε
968 892 1241 932 recognosce,
1282 879 1368 929 ait3
1415 892 1464 919 ac

206 954 310 988 tunc
339 961 438 987 eum
466 947 652 987 deduxit
681 947 736 987 ad
765 961 918 987 omnes
947 947 1205 1000 angiportus
1235 947 1273 987 ἃ
1307 947 1463 995 aditus,

207 1016 333 1069 eique
369 1016 538 1068 aperuit
575 1015 693 1056 nulla
730 1029 816 1055 non
851 1016 1018 1055 viarum
1055 1015 1329 1067 compendia,
1365 1029 1463 1068 quae

205 1097 389 1137 usquam
432 1085 469 1124 ei
510 1084 703 1136 praebere
738 1084 985 1136 potuissent
1021 1083 1128 1133 iter;
1173 1082 1211 1122 &
1247 1083 1374 1122 simul
1409 1083 1464 1123 de

205 1152 417 1192 machinis
440 1153 532 1205 ejus
554 1152 740 1192 multum
763 1153 847 1192 diei
870 1165 1068 1192 sermone
1091 1165 1169 1192 suo
1191 1152 1422 1204 protraxit.

262 1230 325 1273 72.
361 1221 449 1262 Sed
470 1221 512 1260 in
534 1226 663 1273 portu
685 1234 845 1269 sumus,
868 1220 1037 1260 technis
1059 1219 1151 1272 ejus
1175 1221 1461 1267 recensendis,

204 1302 302 1341 quae
325 1287 504 1328 infinitae
527 1295 638 1337 sunt,
664 1288 701 1328 δι
728 1301 956 1328 numerum
987 1288 1182 1327 omnium
1213 1288 1461 1340 myriadum

205 1357 437 1406 excedunt,
461 1370 547 1396 non
577 1357 738 1396 diutius
766 1357 1071 1396 immoremur:
1103 1369 1252 1396 verum
1284 1356 1460 1397 Statum

206 1426 394 1478 Imperii,
423 1438 552 1477 quem
582 1425 812 1465 debellatae
838 1439 888 1464 ac
917 1424 1197 1477 triumphatae
1230 1425 1369 1465 Menti
1400 1426 1461 1465 in-

203 1494 334 1542 ducit,
368 1493 550 1546 dignum
581 1499 647 1534 est
684 1494 926 1534 discribere.
990 1494 1109 1533 Dum
1145 1494 1259 1533 enim
1297 1494 1460 1535 Intelli-

202 1562 372 1615 gentias
409 1561 569 1601 infimae
603 1562 730 1602 sortis
763 1561 944 1614 alicujus
982 1562 1157 1612 Mentis,
1189 1563 1353 1617 artibus
1386 1564 1460 1603 de-

202 1630 329 1679 lusas,
352 1630 394 1670 in
415 1636 573 1683 partes,
593 1630 661 1670 vel
684 1631 828 1683 potius
851 1631 893 1670 in
916 1631 1062 1683 spinas
1085 1644 1196 1679 suas,
1217 1632 1458 1684 pellexerst,

202 1698 340 1739 fasces
374 1699 541 1750 imperii
576 1704 707 1750 atque
742 1713 954 1751 purpuras
990 1705 1092 1739 ante
1127 1699 1276 1740 oculos
1310 1715 1457 1741 earum

201 1766 509 1820 expandendo,
547 1773 650 1807 tunc
687 1767 742 1807 ab
779 1768 828 1807 iis
863 1768 1115 1820 aperiuntur
1150 1775 1300 1821 portze,
1335 1783 1385 1810 ac
1421 1771 1457 1810 ei

201 1836 489 1876 detrahuntur
516 1841 707 1885 catenae3
742 1835 780 1876 ἃ
811 1835 1040 1876 confestim
1073 1837 1143 1877 ille
1174 1838 1326 1890 genios
1357 1852 1457 1879 suos

202 1904 282 1944 sub
304 1904 437 1956 signis
460 1903 644 1951 ordin-at,
660 1903 696 1943 &
713 1916 810 1943 cum
829 1903 995 1944 facibus
1017 1918 1066 1944 ac
1088 1911 1253 1945 naturae
1276 1905 1457 1946 lumina-

202 1972 318 2012 ribus
354 1971 529 2012 Curiam
565 1971 602 2011 &
634 1971 879 2012 Sacrarium
908 1973 1102 2022 invadit;
1132 1979 1264 2026 atque
1294 1974 1457 2014 Intelli-

201 2040 372 2093 gentias
395 2039 432 2080 δι
457 2039 704 2092 Sapientias
726 2040 782 2080 ab
803 2040 971 2080 Amore
999 2048 1148 2081 nostro
1176 2042 1456 2095 inauguratas

203 2107 316 2149 foras
338 2109 547 2161 expellit;
581 2122 678 2161 quae
701 2108 802 2161 quia
826 2109 1103 2158 Innocentiae,
1121 2109 1157 2150 &
1181 2111 1240 2150 sic
1263 2111 1401 2159 mites,
1418 2111 1456 2152 ἃ

203 2177 308 2217 nihil
330 2191 417 2217 non
441 2191 497 2217 ex
519 2190 667 2217 amore
688 2183 837 2229 agunt,
853 2177 989 2226 facile,
1005 2178 1115 2218 sicut
1133 2178 1346 2218 columbae
1363 2180 1455 2219 viso

205 2244 348 2293 milvo,
369 2245 410 2284 in
435 2245 582 2298 fugam
611 2258 657 2285 se
686 2246 923 2297 recipiunt;
957 2246 994 2286 Sc
1023 2247 1199 2299 quidem
1229 2247 1270 2286 in
1300 2232 1483 2288 Matris*

208 2327 297 2354 suae
319 2312 513 2366 adytum,
535 2319 582 2354 ut
607 2314 649 2356 in
678 2314 898 2367 quoddam
929 2315 1111 2368 asylum,
1134 2315 1454 2369 obsignantque
