1783 2760
455 190 534 225 DE
565 188 763 224 AMORE
795 187 1182 223 PRJMOGENJTI.
1387 196 1451 230 149

194 287 298 342 quid
335 286 598 328 Mundulum
635 285 728 338 ejus
765 284 1008 337 contingit3
1054 290 1188 336 utque
1223 283 1371 324 omnia
1410 283 1452 323 in

191 363 338 397 actum
367 355 544 402 deferat,
578 367 676 406 quae
709 366 786 392 nos
820 353 1040 392 sancimus
1079 351 1116 392 δε
1150 351 1453 391 decernimus:

191 424 261 464 hic
287 423 417 471 vides,
447 423 517 470 ait,
548 421 621 461 ubi
652 421 711 461 1111
740 420 942 470 resident,
975 420 1047 472 qui
1078 434 1103 459 a
1132 419 1341 460 Sensibus
1375 433 1453 459 ex-

192 492 324 532 ternis
346 503 497 531 omnes
520 490 731 542 imagines
755 488 792 529 &
816 488 969 528 modos
991 488 1268 541 aspectabilis
1295 488 1451 528 Mundi

190 560 379 613 primum
401 559 637 611 excipiunt,
656 557 693 597 &
710 557 777 597 vel
799 557 854 597 ad
877 570 1003 596 aures
1027 563 1196 597 nostras
1218 556 1451 610 perferunt,

192 628 261 668 vel
292 628 347 668 ad
384 627 524 667 visum
560 632 757 666 nostrum
792 631 1133 678 repraesentant;
1163 625 1257 665 heic
1295 625 1451 665 iterum

191 696 263 746 illi,
299 695 373 749 qui
413 695 623 736 mandata
665 701 824 743 nostra,
862 707 939 747 per
977 693 1107 733 fibras
1148 693 1190 733 in
1228 693 1452 733 Musculos

191 765 438 813 traducunt,
461 764 498 804 ἃ
521 764 581 804 sic
611 770 759 803 nostra
789 762 971 815 imperia
1001 763 1043 802 in
1072 768 1218 802 actum
1247 761 1451 801 determi-

192 840 326 874 nant:
367 833 401 873 si
434 833 539 872 velis
571 831 830 884 experiundi
861 831 1013 883 gratia,
1044 830 1123 870 hos
1156 836 1231 870 aut
1260 829 1356 870 illos
1389 844 1452 870 re-

191 902 387 951 movebo,
405 915 456 941 ac
476 901 705 941 veritatem
729 901 787 940 rei
810 900 1033 952 percipies.
1076 900 1170 939 Nos
1189 899 1231 939 in
1251 898 1452 940 Sacrario

192 977 340 1011 nostro
368 969 501 1010 modo
528 970 748 1009 intuemur
776 968 882 1008 fines
917 968 954 1009 ἃ
987 968 1260 1020 disponimus
1293 968 1449 1017 media,

191 1053 291 1092 quae
329 1039 430 1079 dein
470 1037 685 1078 voluntati
724 1036 969 1085 commissa,
1001 1036 1233 1076 traduntur
1266 1036 1448 1089 principi

191 1108 262 1157 illi,
295 1114 342 1148 ut
374 1107 429 1147 ab
462 1106 553 1158 ejus
585 1105 758 1146 famulis
788 1105 1080 1146 amandentur
1110 1105 1152 1144 in
1184 1104 1374 1154 effectus,
1402 1110 1450 1145 ut

190 1177 298 1217 fiant
335 1190 436 1216 usus
474 1189 499 1215 a
536 1174 656 1216 Caelo
693 1180 853 1223 nostro,
891 1174 935 1214 id
971 1180 1047 1222 est,
1084 1173 1219 1213 nostri
1256 1172 1447 1222 Amoris,

190 1246 407 1298 designati
426 1261 433 1285 z
465 1245 559 1298 ipsa
574 1243 791 1284 Voluntas
808 1257 885 1296 per
901 1256 947 1283 se
968 1256 1054 1282 non
1076 1248 1141 1282 est
1164 1242 1243 1282 nisi
1266 1248 1448 1283 conatus

190 1314 361 1367 agendi,
383 1327 440 1353 ex
464 1326 552 1366 quo
581 1311 686 1351 nihil
715 1311 881 1364 absque
911 1311 1252 1351 ministrantium
1283 1311 1448 1352 auxilio

189 1383 349 1423 existit.
408 1381 495 1422 Sed
525 1380 715 1420 Animus
752 1379 836 1428 ille,
867 1393 942 1419 seu
980 1380 1076 1419 atrii
1109 1380 1244 1419 nostri
1276 1385 1448 1432 praetor,

187 1451 289 1503 quia
325 1450 381 1490 ab
412 1449 579 1489 Amore
610 1454 759 1488 nostro
787 1448 969 1488 vinculis
1001 1453 1178 1501 opertus
1205 1447 1335 1500 jacet,
1366 1448 1447 1488 sub

188 1519 447 1559 necessitate
471 1517 667 1570 obsequii
691 1516 867 1556 decreta
884 1522 1032 1556 nostra
1050 1517 1300 1569 exequendi
1317 1517 1422 1557 vivit
1439 1532 1447 1568 ;

187 1587 249 1627 ita
270 1587 386 1627 enim
408 1585 531 1626 clavo
548 1585 777 1626 advinctus
797 1585 983 1635 assidet;
1017 1599 1068 1626 ac
1084 1585 1220 1625 vitam
1243 1599 1366 1626 suam
1390 1586 1447 1626 ab

187 1655 353 1696 Anima
374 1656 533 1704 nostra,
557 1668 632 1694 seu
655 1667 733 1707 per
754 1653 886 1703 illam,
908 1667 932 1693 a
963 1654 1190 1706 Supremo,
1210 1654 1368 1695 trahit:
1401 1655 1445 1695 id

187 1724 319 1765 etiam
340 1724 434 1764 sola
456 1723 667 1775 inspectio
689 1722 828 1763 docet.
890 1722 1021 1776 Quod
1044 1722 1115 1762 ille
1136 1723 1272 1763 vitam
1295 1729 1398 1776 agat
1420 1738 1446 1764 a
1466 1721 1469 1724 ’

186 1794 335 1833 nostra
357 1805 530 1845 prorsus
552 1780 781 1839 diversam,
803 1790 846 1830 id
869 1796 992 1843 patet
1020 1805 1044 1830 a
1071 1797 1291 1843 potestate
1320 1792 1445 1833 nobis

186 1861 347 1910 relicta,
363 1867 411 1901 ut
427 1860 537 1900 velle
556 1873 779 1912 queamUS,
794 1858 832 1899 81
850 1865 998 1899 tamen
1016 1859 1166 1899 sistere
1189 1859 1226 1899 ἃ
1249 1859 1445 1901 inhibere

187 1936 336 1980 actus;
367 1935 415 1969 ut
439 1928 476 1968 ἃ
500 1928 731 1976 excubare,
755 1926 793 1967 &
823 1941 901 1967 nos
930 1941 1151 1968 removere
1178 1928 1233 1968 ab
1262 1929 1443 1978 Animo,

187 2012 237 2039 ac
264 2005 403 2039 totam
433 2003 627 2037 nostram
658 2002 850 2036 mentem
883 1996 1121 2036 subducere
1152 1996 1207 2036 ab
1241 1996 1333 2049 ejus
1368 1998 1444 2038 ob—

185 2066 461 2107 lectamentis
477 2065 515 2106 81
530 2064 865 2117 cupiditatibus;
898 2078 999 2104 nam
1018 2064 1122 2104 dum
1140 2065 1443 2106 intuitionibus

185 2136 273 2175 veri
306 2149 356 2175 ac
387 2134 490 2177 boni
525 2133 805 2181 intendimus,
832 2146 885 2172 ne
916 2132 1021 2185 quid
1054 2133 1228 2173 luminis
1261 2134 1317 2174 ab
1350 2134 1442 2186 ejus

186 2203 350 2243 facibus
372 2209 565 2243 nostram
583 2202 801 2242 inumbret
819 2200 971 2250 lucem,
987 2203 1156 2242 tamdiu
1174 2203 1277 2242 seris
1294 2209 1442 2255 portas

187 2271 282 2311 illas
301 2271 553 2311 claudimus.

245 2349 308 2392 71.
335 2338 421 2380 Sed
436 2338 611 2379 tametsi
626 2337 694 2378 hic
709 2337 896 2378 famulus
911 2344 1067 2388 noster,
1084 2338 1186 2392 quia
1202 2345 1441 2389 catenatus,
