1783 2760
395 150 473 184 DE
504 148 776 184 JNFANTJA
812 148 1193 183 PRJMOGENJTJ.
1377 157 1420 192 59

169 247 302 287 etiam
323 248 456 288 nostri
480 247 676 296 Infantis,
691 261 747 287 6)(
765 246 918 287 ultimo
934 261 1052 299 gyro,
1068 247 1139 286 ubi
1156 246 1418 287 constitutus

170 321 272 365 erat,
307 329 454 356 secum
494 329 570 368 per
609 314 687 355 has
728 315 1039 355 insinuationes
1079 328 1225 354 versus
1265 314 1420 354 intima

168 384 496 433 transferebant,
520 383 557 424 8(
582 384 641 423 sic
669 397 765 424 cum
796 384 867 423 illa
898 384 1041 431 unitae,
1063 384 1124 423 ita
1150 382 1415 434 conjunctim

168 453 278 493 sicut
303 453 428 494 Unus
451 452 488 492 8(
512 453 696 492 Divinus
718 466 775 492 6)(
798 453 891 505 ipsa
907 452 1194 492 unanimitate
1220 450 1417 503 Spiritus,

169 535 268 562 eum
307 522 519 574 Supremo
562 522 741 561 Numini
784 528 932 562 sancte
972 520 1306 574 praesentabant,
1344 519 1416 571 qui

168 603 346 643 operum
369 604 543 630 suorum
566 589 661 639 fine,
684 591 823 643 primo
845 590 882 630 8(
905 590 1068 639 ultimo,
1090 591 1133 629 in
1163 589 1236 629 illo
1263 602 1417 641 reprae-

166 664 352 707 sentato,
375 658 626 708 delectatus,
649 659 789 711 gratia
813 658 850 699 8(
879 659 1025 699 favore
1053 659 1289 698 adventum
1318 670 1416 710 pro-

165 727 361 779 pitiavit:
394 740 480 779 quo
502 727 663 767 Divino
686 726 848 766 honore
878 726 1128 767 exsilientes
1158 740 1213 766 6)(
1241 725 1323 765 hoc
1354 725 1416 764 in—

165 794 275 834 timo
311 795 568 835 Centrorum
601 795 746 847 adyto,
780 808 825 834 se
854 795 1008 835 iterum
1040 809 1117 848 per
1145 794 1306 834 similes
1338 794 1416 833 cir-

165 863 405 903 cinationes
441 862 478 903 8(
515 864 810 903 concentricos
846 864 983 912 orbes,
1020 864 1095 903 sed
1127 863 1219 915 jam
1260 862 1414 902 eodem

164 931 315 971 ordine
343 937 647 984 retrogyratos,
671 945 716 971 se
749 946 897 972 versus
930 931 1208 984 peripherias,
1230 931 1414 971 extrica-

164 999 282 1046 bant‚
306 999 343 1039 8(
367 999 635 1049 evolvebant,
659 1014 790 1052 seque
816 1000 872 1040 ab
899 1013 984 1040 uno
1014 1001 1168 1040 iterum
1200 1001 1242 1039 in
1270 999 1414 1052 plures

163 1067 428 1119 explicando
464 1067 681 1107 Infantem
713 1069 755 1107 in
784 1082 862 1108 suo
889 1068 1043 1108 ultimo
1072 1068 1230 1108 circulo
1258 1069 1413 1108 iterum

163 1137 443 1188 reponebant.
497 1136 611 1189 Ipsae
632 1136 793 1176 delitiae
817 1136 908 1189 ejus
931 1137 1107 1177 Animae
1127 1151 1184 1177 ex
1205 1136 1286 1177 hoc
1310 1137 1413 1176 ludo

162 1204 218 1243 ab
240 1218 311 1244 ore
335 1204 372 1244 8(
393 1204 527 1244 oculis
550 1204 641 1256 ejus
663 1214 753 1244 tam
781 1203 921 1245 lucide
948 1206 1206 1255 emicabant,
1229 1212 1276 1246 ut
1304 1205 1414 1245 Ani-

163 1284 280 1311 mam
309 1285 365 1311 6)(
394 1271 558 1311 intimis
586 1272 628 1311 in
655 1272 799 1311 vultus
830 1272 922 1325 ejus
954 1279 1152 1313 extrema
1184 1274 1305 1325 quasi
1338 1287 1414 1313 6)(-

162 1339 328 1379 siluisse
350 1339 568 1379 viderent:
594 1340 787 1392 dumque
805 1354 902 1380 curn
926 1341 998 1381 illo
1016 1341 1057 1380 in
1076 1341 1239 1381 intimis
1257 1347 1412 1390 essent,

161 1407 304 1461 ipsum
339 1421 395 1448 ex
433 1408 628 1448 omnium
664 1408 910 1449 delitiarum
948 1411 1207 1459 amaenitate,
1243 1424 1317 1450 seu
1355 1424 1412 1450 ex

160 1476 449 1516 concentratis
491 1476 748 1517 felicitatum
787 1478 968 1530 gaudiis,
1005 1479 1065 1518 ita
1102 1478 1300 1518 effertum
1336 1479 1413 1518 ob-

160 1545 402 1594 servabant,
424 1551 471 1585 ut
496 1545 726 1585 Pulmones
756 1545 858 1598 ejus,
881 1560 937 1586 ex
966 1547 1193 1600 spirituum
1224 1548 1265 1586 in
1295 1546 1413 1587 fibris

161 1612 315 1653 festivo
336 1619 512 1666 stupore
530 1613 567 1654 &
584 1614 761 1654 amabili
776 1615 979 1667 deliquio,
994 1616 1057 1655 sui
1075 1616 1184 1655 aeris
1202 1620 1412 1656 attractus

160 1682 423 1734 reciprocare
438 1681 810 1722 obliviscerentur:
840 1683 1032 1735 dumque
1050 1684 1104 1723 ad
1123 1683 1410 1736 peripheriam

159 1762 282 1788 suam
306 1756 499 1789 revectus
517 1756 639 1799 esset,
658 1750 833 1790 folliculi
852 1751 910 1790 illi
928 1757 1019 1791 tam
1043 1752 1200 1791 crebris
1216 1752 1253 1792 8(
1268 1753 1411 1792 citatis

158 1818 324 1858 vicibus
361 1819 592 1868 micabant,
622 1825 669 1858 ut
697 1820 813 1872 ipsos
841 1819 1070 1872 rhythmos
1099 1820 1275 1860 ultimos
1307 1820 1409 1869 ludi,

160 1886 436 1926 motiunculis
467 1887 564 1935 suis,
594 1887 909 1928 aemularentur.
972 1888 1052 1928 Per
1077 1888 1192 1928 hunc
1224 1889 1411 1937 Ludum,

160 1953 198 1994 8(
220 1953 346 2006 hujus
369 1955 627 2004 consimiles,
644 1956 703 1995 ita
725 1955 931 1995 tenellum
958 1956 1126 2009 Corpus
1144 1957 1185 1996 in
1203 1957 1411 2009 obsequia

158 2036 247 2063 suae
278 2021 467 2071 Animae,
499 2037 597 2075 quae
627 2024 687 2063 sic
719 2024 761 2062 in
798 2024 910 2064 illius
948 2024 1102 2064 ultima
1138 2025 1410 2074 evocabatur,

158 2091 423 2140 excitabant,
448 2097 494 2131 ut
516 2105 690 2144 prorsus
715 2092 876 2132 Mentis
898 2106 986 2132 suae
1013 2093 1364 2146 sphaeristerium,
1385 2107 1411 2134 a

157 2160 307 2212 primis
330 2160 415 2199 suis
439 2161 614 2209 naturis,
640 2174 768 2213 agere
789 2160 1017 2202 videretur.

212 2238 278 2277 43.
303 2227 375 2267 EX
393 2227 457 2267 his
474 2227 510 2268 8(
526 2228 738 2268 similibus
756 2229 1075 2279 excitamentis,
1093 2229 1410 2283 Primogenitus

157 2301 316 2345 noster,
352 2309 377 2336 a
412 2297 552 2349 primo
588 2302 785 2350 tempore
826 2298 1029 2338 enisionis
1070 2299 1111 2339 in
1149 2299 1214 2339 sui
1252 2298 1408 2338 Mundi
