1783 2760
443 190 521 224 DE
555 188 815 234 CONJUGIO
845 187 1226 222 PRIMOGENITJ.
1439 193 1459 227 7

212 285 411 326 rationes.
473 284 561 326 Sed
583 284 728 337 quoad
757 284 896 336 ipsam
921 282 1362 336 Correspondentiam
1384 296 1461 335 per

213 353 427 394 influxum
448 353 710 406 operationis
732 353 858 392 unius
875 351 1025 391 formae
1048 352 1090 391 in
1107 350 1301 400 alteram,
1320 352 1459 404 primo

214 421 437 462 sciendum
475 426 553 469 est,
591 420 708 472 quod
747 420 906 459 Forma
939 433 1106 472 parens,
1144 432 1218 459 seu
1256 419 1460 472 superior,

163 492 166 494 ’
213 488 397 528 formam
423 487 624 540 proxime
652 485 909 535 inferiorem,
930 492 978 526 ut
1009 499 1132 526 suam
1165 485 1343 538 prolem,
1364 499 1462 538 pro-

212 556 314 596 inde
336 562 382 596 ut
404 568 528 595 suam
551 555 799 607 imaginem,
816 555 1029 607 respiciat,
1050 554 1144 594 sola
1166 555 1462 595 intercedente

212 624 455 665 differentia
486 623 775 676 simplicitatis
809 622 847 663 ἃ
880 622 1185 675 perfectionis;
1219 623 1319 663 inde
1351 623 1464 663 inter

212 692 393 733 Formas
429 691 529 732 talis
562 692 681 744 viget
711 691 948 739 harmonia,
973 691 1265 731 mediantibus
1302 691 1462 731 viribus

213 761 366 801 activis
389 760 427 801 &
448 760 568 807 vivis,
588 766 635 800 ut
656 760 781 799 unius
805 759 994 800 Mutatio
1016 765 1166 808 status,
1189 773 1286 812 quae
1308 759 1356 799 fit
1387 772 1465 812 per

211 829 510 869 Variationem
533 828 695 877 formae,
717 828 903 868 similem
926 828 1103 868 alterius
1125 828 1464 881 corresponden-

212 903 279 938 ter
330 898 495 937 excitet
520 911 528 947 ;
577 902 786 950 perpetua
834 897 949 936 enim
1002 896 1336 945 Concordantia‚
1387 910 1465 949 per

215 965 382 1006 medias
413 965 525 1006 vires
558 966 733 1014 activas,
766 965 878 1005 inter
912 965 1084 1014 similes,
1122 971 1309 1018 regnat;
1345 978 1464 1005 cum-

215 1035 364 1088 primis
397 1034 574 1086 quando
609 1034 755 1074 omnia
787 1047 865 1074 suo
900 1034 1050 1074 ordine
1090 1034 1169 1074 rite
1205 1033 1355 1083 fluunt,
1388 1048 1463 1074 seu

216 1103 393 1155 quando
415 1103 574 1142 Forma
590 1115 803 1155 suprema,
818 1115 915 1154 quae
932 1103 1128 1142 omnium
1150 1103 1465 1156 perfectissima

217 1176 292 1219 est,
316 1171 407 1224 agit
429 1171 470 1209 in
493 1171 693 1224 proxime
721 1170 978 1219 inferiorem,
1002 1169 1039 1210 δε
1070 1170 1163 1211 haec
1194 1171 1391 1212 similiter
1422 1172 1464 1211 in

217 1245 483 1292 sequentem,
507 1238 545 1278 &
568 1239 627 1278 sic
649 1239 886 1279 successive
905 1253 914 1288 ;
945 1244 1049 1279 tunc
1078 1253 1229 1279 omnes
1250 1240 1344 1280 istae
1367 1240 1465 1280 Mu-

217 1308 405 1348 tationes
427 1313 578 1355 status,
600 1321 698 1359 quae
730 1308 772 1346 in
803 1307 915 1347 binis
948 1307 1173 1360 Supremis
1204 1309 1464 1356 excitantur,

217 1389 294 1429 per
320 1375 706 1429 correspondentes
738 1375 911 1424 similes,
935 1376 976 1415 in
1010 1376 1185 1425 ultimis,
1209 1390 1287 1417 suo
1320 1377 1463 1424 modo,

217 1457 264 1484 se
283 1443 505 1484 evidenter
524 1443 681 1482 sistunt
705 1442 742 1482 8(
764 1448 1031 1495 praesentant
1049 1456 1057 1482 :
1092 1444 1202 1483 Haec
1220 1444 1313 1496 jam
1335 1458 1466 1485 causa

217 1519 292 1561 est,
314 1512 431 1565 quod
453 1511 629 1561 Anima,
653 1511 691 1551 &
714 1512 840 1551 Mens
866 1517 953 1560 tua,
977 1525 1022 1552 se
1054 1512 1096 1551 in
1127 1519 1287 1564 gestus,
1317 1512 1466 1566 loque-

216 1580 318 1629 lam,
351 1579 390 1620 &
426 1580 469 1619 in
506 1586 683 1620 caeteras
725 1580 968 1620 activitates
1001 1586 1220 1630 externas,
1253 1581 1465 1634 imprimis

216 1662 319 1689 vero
352 1648 394 1688 in
430 1648 610 1697 vultum,
632 1649 947 1699 transcribant;
981 1648 1019 1689 &
1054 1649 1172 1701 quod
1201 1663 1255 1690 ne
1284 1651 1466 1690 minima

217 1717 393 1769 quidem
422 1717 634 1770 particula
664 1718 798 1757 totius
828 1717 1030 1770 corporis,
1063 1731 1149 1765 non
1181 1718 1365 1759 similem
1396 1732 1467 1759 ea-

217 1798 312 1825 rum
338 1784 556 1826 affectioni
588 1785 874 1825 mutationem
898 1785 1080 1835 subeat;
1114 1799 1215 1826 nam
1238 1786 1335 1837 illae,
1355 1787 1466 1827 sicut

217 1854 262 1893 in
297 1854 520 1906 supremis,
564 1854 696 1894 etiam
738 1854 780 1893 in
819 1854 1015 1894 omnium
1061 1854 1237 1904 intimis,
1271 1862 1465 1908 regnant.

219 1921 351 1974 Quod
381 1921 464 1962 hoc
492 1927 583 1962 tam
611 1922 837 1974 perspicue
859 1935 882 1962 e
903 1927 979 1961 tua
1000 1921 1110 1962 facie
1131 1922 1310 1972 eluceat,
1332 1924 1465 1964 etiam

219 1989 426 2030 indicium
449 1996 512 2030 est
533 1996 621 2030 tuae
651 1990 921 2043 Integritatis
941 2003 990 2030 ac
1014 1990 1293 2032 Innocentiae.
1355 1992 1466 2032 Haec

221 2058 368 2098 omnia
391 2057 686 2111 Intelligentia
707 2058 904 2099 Caelestis
929 2072 1005 2111 per
1033 2059 1153 2099 vivas
1184 2066 1467 2113 repraesenta-

220 2125 360 2165 tiones
395 2132 487 2166 tam
524 2125 754 2166 manifeste
794 2126 1134 2180 contemplanda
1174 2127 1386 2178 exhibuit,
1419 2134 1467 2168 ut

222 2194 345 2245 quasi
367 2194 496 2247 pictae
516 2194 739 2247 imagines,
757 2195 799 2234 in
821 2208 995 2235 sensum
1017 2195 1146 2248 hujus
1175 2195 1347 2245 Puellae,
1369 2210 1466 2249 quae

221 2262 333 2302 sicut
379 2269 471 2303 erat
507 2269 748 2312 venustate,
792 2263 924 2303 etiam
961 2263 1147 2317 ingenio,
1178 2264 1468 2314 dotatissima,

223 2330 437 2372 caderent.

832 2407 862 2440 Ο
