1783 2760
537 198 615 232 DE
652 197 799 232 ORTU
831 197 1103 231 TELLURJS.
1429 205 1445 240 5

191 296 383 350 Corpore
409 294 576 335 nullum
605 295 852 335 Membrum
882 294 964 334 sibi
992 294 1225 347 quicquam
1253 293 1445 334 vindicat

191 371 238 404 ut
268 365 441 418 proprie
469 377 606 412 suurn,
636 364 716 403 nisi
749 363 837 403 tale
867 363 934 412 sit,
963 369 1011 403 ut
1043 376 1099 402 ex
1134 362 1368 403 Communi
1401 362 1442 401 in

190 446 279 472 rem
316 445 438 472 suam
472 431 635 480 influat,
666 445 715 472 ac
748 432 914 479 iterum,
947 431 1071 484 quasi
1101 445 1178 483 per
1208 430 1370 479 orbem,
1402 431 1443 470 in

188 514 280 540 rem
319 500 631 541 Universorum
674 499 946 552 reliquorum,
984 513 1057 539 seu
1101 499 1143 538 in
1187 498 1444 546 Commune,

190 568 369 619 refluat3
401 575 667 621 quapropter
688 568 820 608 etiam
845 569 1009 607 lumina
1032 567 1069 608 ἃ
1093 568 1207 607 faces
1230 581 1329 606 suas
1358 580 1444 606 non

190 637 303 678 intra
322 638 519 690 proprias
541 637 750 677 claudunt
772 637 975 690 sphaeras,
993 636 1068 677 sed
1092 650 1165 676 eas
1186 635 1445 675 circumfun-

187 761 387 796 formarum
405 761 591 805 exemplar
609 761 640 795 &
659 760 751 803 idea,
771 768 940 795 constare
962 766 1083 805 potest
1101 772 1174 794 non
1194 760 1312 794 solum
1330 771 1373 794 ex
1392 771 1446 802 eo,

188 816 287 861 quod
313 828 377 861 pro
401 817 650 850 Firmamento
674 816 784 849 totius
811 816 898 849 Caeli
923 816 1107 858 inserviat,
1127 815 1191 849 sed
1211 815 1323 849 etiam
1347 815 1447 859 quod

187 871 316 915 primae
336 871 466 905 Mundi
486 871 712 913 substantiae,
728 871 760 904 &
779 870 857 915 ejus
878 871 1031 904 Naturae
1049 870 1167 912 Vires,
1183 870 1366 904 Universa
1384 870 1447 903 illa

187 927 424 961 excitaverint
438 938 482 960 ex
497 926 628 970 quibus
648 937 848 970 earumque
863 926 1132 970 cooperatione,
1146 925 1237 958 nihil
1249 925 1319 959 nisi
1334 936 1445 969 quam

187 981 494 1026 perfectissimum
520 981 688 1026 profluit:
715 982 785 1015 hoc
810 981 1048 1015 confirmatur
1070 981 1183 1014 etiam
1207 992 1251 1014 ex
1276 980 1445 1014 Siderum

189 1036 374 1070 distantiis
394 1036 487 1070 inter
505 1047 543 1069 se
561 1043 686 1069 mutuo
706 1047 770 1080 per
783 1042 836 1070 tot
852 1035 996 1069 Saecula
1011 1036 1150 1079 absque
1165 1035 1319 1068 minima
1337 1034 1446 1069 inter-

189 1091 343 1125 cedente
357 1092 571 1134 mutatione,
585 1091 821 1125 conservatis.
857 1091 966 1124 Tales
985 1091 1129 1124 Formae
1147 1101 1186 1124 se
1205 1090 1347 1124 suamet
1365 1101 1446 1134 pro-

188 1147 267 1191 pria
285 1147 416 1181 virtute
434 1153 619 1187 tutantur,
646 1157 734 1179 nam
752 1145 940 1190 quoddam
964 1152 1181 1190 perpetuum
1205 1145 1238 1178 ὃς
1261 1145 1445 1179 infinitum

189 1202 328 1246 spirant
346 1214 352 1236 ε
394 1203 533 1236 Verum
551 1213 625 1235 non
645 1201 906 1245 comprehendi
925 1207 1089 1245 possunt,
1109 1200 1236 1245 quales
1261 1206 1357 1242 sunt,
1374 1200 1446 1233 nisi

187 1268 253 1301 per
277 1258 430 1290 Formas
459 1257 647 1291 inferiores
675 1263 738 1290 aut
761 1256 918 1297 infimas,
947 1266 1102 1300 quarum
1126 1255 1375 1298 cognitionem
1399 1255 1446 1288 ab

188 1313 352 1356 objectis,
379 1323 461 1356 quae
486 1312 523 1345 in
548 1312 668 1345 visum
693 1311 799 1345 Oculi
824 1310 970 1353 cadunt,
996 1311 1101 1344 nobis
1125 1310 1444 1354 comparavimus;

188 1367 220 1401 &
239 1367 387 1411 insuper
403 1378 468 1411 per
482 1367 674 1401 continuas
689 1366 956 1400 abstractiones
971 1365 1300 1409 imperfectionum,
1312 1365 1445 1410 quibus

187 1423 245 1456 hae
263 1423 390 1456 formae
413 1423 592 1456 laborant.
641 1422 715 1456 Sed
741 1422 948 1455 intueamur
972 1421 1039 1454 has
1066 1421 1102 1454 in
1129 1420 1203 1454 suis
1232 1421 1446 1465 Exemplis:

190 1478 323 1512 Infima
348 1478 494 1519 Forma,
522 1488 585 1511 seu
610 1477 758 1521 propria
786 1476 1082 1510 Substantiarum
1109 1476 1265 1510 Telluris
1291 1483 1346 1510 est
1372 1476 1447 1519 illa,

188 1544 270 1578 quae
281 1544 303 1566 a
316 1533 425 1567 meris
441 1532 617 1576 subjectis
632 1532 869 1575 angularibus
885 1532 916 1565 &
931 1531 1038 1564 simul
1052 1531 1183 1575 planis,
1196 1531 1447 1576 cujuscunque

189 1588 313 1632 figurae
343 1588 426 1630 sint,
451 1588 563 1621 modo
593 1587 630 1620 in
657 1586 843 1631 quandam
869 1586 1026 1619 formam
1053 1586 1305 1628 confluxerint,
1320 1586 1446 1626 ,deter-

187 1644 356 1686 minatur,
371 1643 450 1677 'naec
469 1643 552 1677 ideo
571 1642 730 1677 dicenda
747 1649 803 1676 est
822 1642 972 1676 FORMA
989 1642 1246 1683 ANGULARIS,
1259 1642 1447 1686 proprium

190 1698 411 1732 Geometriae
440 1704 577 1732 nostrae
607 1697 801 1741 objectum.
866 1697 922 1729 Ex
947 1696 1017 1730 hac
1046 1697 1179 1730 Forma
1204 1697 1445 1740 contemplari

188 1763 384 1796 possumus
404 1753 578 1786 Formam
596 1752 759 1796 proxime
784 1751 1019 1794 superiorem,
1038 1761 1101 1784 seu
1125 1757 1299 1795 perpetuo
1322 1752 1446 1795 Angu-

187 1807 313 1849 larem,
332 1818 415 1852 quae
433 1807 563 1841 eadem
582 1813 648 1849 est,
666 1818 708 1840 ac
730 1807 985 1840 CIRCULARIS
1009 1812 1070 1840 aut
1098 1806 1340 1849 SPHAERICA;
1367 1807 1447 1840 haec

189 1862 288 1896 enim
306 1862 422 1896 altera
440 1862 634 1906 perfectior
650 1868 706 1895 est
720 1862 757 1895 in
771 1872 826 1903 eo,
841 1861 940 1905 quod
960 1861 1172 1905 Peripheria
1189 1861 1266 1905 ejus
1282 1861 1327 1895 sit
1342 1862 1449 1906 quasi

188 1923 405 1961 perpetuum
428 1917 594 1959 Planum,
613 1923 674 1950 aut
698 1916 862 1950 infinitus
886 1916 1063 1959 Angulus,
1083 1916 1169 1960 quia
1194 1917 1392 1950 Planorum
1415 1918 1446 1950 ἃ

188 1972 417 2016 Angulorum
430 1983 576 2016 prorsus
589 1983 737 2016 expers;
757 1971 893 2005 idcirco
905 1971 1016 2005 etiam
1032 1977 1086 2005 est
1100 1982 1272 2005 mensura
1283 1972 1448 2006 omnium

192 2028 408 2061 Formarum
437 2027 691 2070 Angularium,
717 2037 804 2059 nam
830 2026 995 2070 Angulos
1022 2026 1054 2060 ἃ
1083 2026 1197 2059 Plana
1222 2037 1287 2070 per
1314 2026 1448 2061 Circuli

190 2083 372 2117 sectiones
398 2082 430 2116 δε
456 2082 557 2116 sinus
583 2082 776 2116 metimur:
807 2092 850 2115 ex
877 2081 932 2114 his
958 2081 1135 2123 videmus,
1163 2081 1263 2125 quod
1289 2081 1325 2115 in
1351 2082 1446 2116 hanc

190 2138 346 2171 formam
369 2137 508 2181 aliquid
531 2137 714 2170 infinitum
739 2148 803 2171 seu
826 2143 1043 2181 perpetuum
1068 2137 1269 2180 secesserit,
1288 2137 1387 2181 quod
1411 2138 1445 2171 in

189 2192 309 2236 priore
326 2203 400 2226 non
419 2192 549 2233 existit,
563 2192 702 2226 scilicet
716 2203 824 2235 gyrus
840 2191 1035 2234 circularis,
1048 2191 1155 2235 cujus
1173 2191 1254 2225 finis
1271 2192 1303 2225 ἃ
1316 2192 1448 2235 princi—

190 2247 293 2292 pium
324 2247 508 2290 designari
538 2247 675 2290 nequit.
729 2247 771 2280 In
806 2246 971 2280 circulari
1003 2257 1066 2280 seu
1098 2246 1287 2289 Sphaerica
1317 2246 1448 2281 iterum

191 2302 432 2346 contemplari
460 2312 657 2346 possumus
687 2301 913 2345 superiorem
939 2300 1128 2344 quandam
1155 2301 1338 2343 Formam,
1365 2311 1447 2344 quae

191 2362 367 2401 perpetuo
395 2356 601 2400 Circularis,
620 2356 679 2391 vel
705 2356 919 2401 simpliciter
946 2356 1146 2398 SPIRALIS,
1166 2355 1238 2389 dici
1263 2361 1444 2394 meretur;
