1783 2760
473 195 550 228 DE
587 193 730 228 ORTU
765 193 1038 227 TELLURJS.
1340 202 1378 235 13

127 292 362 332 movebant
382 292 435 343 (g
465 305 474 341 3
497 291 557 330 sic
574 290 696 342 quasi
715 289 921 329 ablactati
939 288 1023 329 alio
1041 295 1265 341 coeperunt
1281 303 1381 329 con-

126 362 235 402 ferre
256 362 426 414 gradus.
490 360 669 412 Septem
692 365 814 399 erant
838 359 999 398 Foetus
1022 372 1107 398 uno
1137 359 1243 397 nixu
1266 359 1384 406 editi,

128 437 236 483 quot
286 429 448 470 scilicet
497 429 691 481 Corpora
731 428 773 467 in
817 427 1019 467 Maximo
1061 427 1215 466 Mundi
1259 427 1385 467 Circo

129 498 314 538 errantia
341 512 348 548 ;
407 497 562 537 horum
613 495 936 547 unumquodvis
986 495 1027 534 in
1076 496 1153 534 sua
1204 494 1385 547 Sphaera

129 568 346 615 libratum,
373 565 612 605 secundum
642 564 855 604 rationem
890 563 1015 603 molis
1048 576 1145 602 cum
1180 563 1384 615 pondere,

130 636 248 675 ocius
286 640 361 674 aut
397 635 582 686 segniuS,
620 647 644 672 a
681 632 815 672 natali
852 632 1013 673 Centro
1055 632 1240 672 recessit.
1318 632 1388 671 Ita

131 704 318 756 separati
342 702 526 750 Fratres,
550 701 735 753 quisque
764 700 995 740 velocitate
1017 702 1196 752 accepta
1219 701 1386 753 patenti

131 772 274 824 spatio
306 770 567 823 insurgebat,
599 770 636 809 ἃ
669 769 796 809 simul
828 782 877 809 ac
910 770 950 808 in
984 782 1125 820 gyros,
1148 769 1280 808 etiam
1313 782 1389 821 per

131 840 292 894 gradus
307 853 330 879 a
345 839 463 891 gyris
478 839 520 878 in
534 837 799 891 peripherias
813 851 888 890 per
898 837 1103 877 aetherem
1116 837 1387 890 explanatas

133 922 363 949 excursum
381 907 580 947 faciebat.
624 906 817 959 Quidam
836 907 966 946 etiam
987 905 1227 955 Orbiculos‚
1245 906 1389 958 plures

133 978 200 1018 vel
230 977 467 1030 pauciores,
501 982 711 1028 tanquam
745 974 930 1014 famulos
964 974 1001 1013 ἃ
1034 974 1253 1022 satellites,
1278 975 1391 1014 intra

134 1052 313 1099 gyratas
328 1045 488 1085 circum
503 1058 548 1084 se
563 1044 755 1096 sphaeras
771 1049 977 1095 receptos,
994 1057 1140 1082 secum
1156 1057 1179 1082 a
1197 1044 1392 1083 Parentis

136 1115 254 1154 Aula
271 1114 550 1154 abduxerunt
569 1128 576 1153 :
608 1119 754 1152 nostra
772 1125 872 1151 vero
891 1112 1040 1151 Tellus
1058 1125 1143 1151 non
1162 1112 1240 1151 nisi
1259 1125 1391 1164 quam

136 1196 278 1231 unam,
302 1189 514 1234 tanquam
543 1182 747 1229 Veniam,
773 1194 870 1232 quae
901 1180 1026 1219 Luna
1054 1180 1221 1224 dicitur,
1245 1187 1292 1220 ut
1321 1181 1395 1221 illa

137 1251 398 1291 luminosam
437 1250 551 1291 Solis
589 1249 773 1301 effigiem
807 1249 848 1287 in
880 1261 926 1287 se
957 1254 1004 1288 ut
1037 1249 1078 1287 in
1110 1249 1287 1301 speculo
1319 1263 1395 1289 ex-

138 1326 323 1373 ceptam,
347 1319 485 1358 noctis
517 1319 768 1371 cumprimis
800 1323 1007 1370 tempore,
1032 1317 1074 1357 in
1103 1317 1288 1359 Telluris
1321 1320 1396 1360 ob-

187 1462 242 1508 (g)
266 1463 383 1507 Sp'ra,
402 1473 512 1507 quam
531 1461 658 1495 novitii
676 1461 794 1495 Orbes
815 1471 967 1495 excursu
987 1472 1053 1495 suo
1071 1472 1091 1494 a
1113 1462 1229 1495 Solari
1251 1463 1398 1505 Centro‚

140 1518 337 1559 effecerint,
368 1529 442 1551 non
472 1517 570 1551 cadit
601 1517 637 1550 in
668 1517 905 1559 intellectum,
931 1516 1000 1549 nisi
1035 1517 1163 1550 ordine
1196 1518 1397 1552 enucleatis

143 1573 286 1607 Formis
312 1580 452 1606 naturae
479 1572 669 1616 supremis,
692 1578 801 1605 antea
827 1572 1063 1605 memoratis:
1090 1579 1176 1605 tunc
1203 1574 1398 1619 constabit,

141 1629 240 1674 quod
259 1628 366 1661 fluxio
387 1627 544 1661 Orbium
563 1638 645 1661 cum
665 1627 739 1660 suis
759 1627 912 1671 sphaeris
937 1627 1073 1660 circum
1099 1628 1273 1661 Centrum
1292 1628 1400 1663 fuerit

141 1687 258 1720 instar
275 1686 403 1720 helicis
422 1685 558 1719 circum
572 1696 688 1727 axem,
704 1684 735 1718 &
750 1684 987 1728 postmodum
1006 1685 1052 1718 ab
1070 1685 1147 1729 ejus
1166 1686 1301 1720 vertice
1319 1698 1399 1730 pro-

140 1741 251 1786 jectio
267 1741 302 1774 in
318 1740 533 1784 ampliorem
550 1740 720 1783 Curvam,
734 1740 779 1773 de
793 1740 864 1784 qua
879 1739 980 1773 infra.
1011 1741 1104 1774 Haec
1119 1741 1400 1785 circumgyratio

143 1796 319 1841 apprimis
335 1795 502 1829 concludi
518 1795 549 1828 δε
562 1795 668 1829 educi
683 1801 813 1839 potest,
827 1806 848 1828 a
862 1795 1019 1828 Maculis
1036 1795 1234 1838 Solaribus,
1247 1797 1399 1831 totidem

145 1852 255 1885 etiam
273 1851 392 1894 globis
411 1850 574 1894 proxime
592 1849 728 1883 circum
750 1849 872 1883 Solem
891 1850 1108 1893 errantibus,
1126 1862 1280 1895 quarum
1302 1863 1401 1896 quae-

146 1907 233 1940 dam
246 1907 401 1948 citiores,
415 1905 586 1950 quaedam
598 1911 722 1939 autem
736 1905 907 1938 lentiores
925 1905 1099 1939 Periodos
1114 1913 1236 1949 agunt,
1254 1918 1401 1951 prorsus

147 1961 349 1996 secundum
368 1961 561 1994 distantias
579 1972 600 1993 a
621 1960 717 2002 Sole,
735 1967 774 1993 ut
796 1972 818 1994 a
843 1971 908 1993 suo
935 1960 1092 2001 Centro;
1119 1961 1268 2005 insuper
1290 1962 1401 1996 etiam

148 2018 195 2051 ab
214 2016 353 2063 Orbitis
374 2016 609 2049 Planetarum
624 2015 717 2048 inter
731 2026 770 2049 se
784 2015 936 2049 collatis.
972 2016 1081 2049 Tales
1096 2016 1183 2060 Gyri
1199 2017 1402 2051 secundum

150 2073 304 2106 Formas
334 2071 538 2115 superiores
569 2070 763 2114 designati,
789 2071 929 2114 absque
954 2077 1122 2114 respectu
1148 2071 1196 2105 ad
1224 2073 1344 2115 Polos‚
1370 2074 1403 2107 δε

151 2127 315 2161 Circulos
336 2126 504 2170 majores,
524 2136 587 2159 seu
605 2126 847 2169 AEquatorem
866 2125 898 2159 δι
919 2126 1150 2170 Eclipticam‚
1168 2138 1402 2172 nequaquam

151 2182 463 2221 determinantur3
487 2181 567 2224 ipsa
584 2187 714 2214 natura
730 2181 857 2214 formae
880 2181 917 2215 id
940 2193 1065 2215 secum
1087 2182 1164 2216 fert.
1217 2184 1404 2228 Magnetis

151 2244 227 2271 tam
253 2236 528 2271 Declinationes
554 2236 585 2270 &
613 2236 887 2279 Inclinationes‚
908 2248 1019 2281 quam
1042 2238 1302 2282 Attractiones‚
1321 2251 1404 2284 quae

152 2299 236 2326 sunt
248 2291 563 2326 determinationis
578 2291 682 2325 istius
696 2290 858 2326 AEtheris
872 2291 1026 2327 totidem
1040 2293 1228 2337 conspicui
1242 2293 1406 2337 effectus,

154 2348 251 2382 idem
270 2358 414 2392 quoque
431 2346 676 2381 manifestant.
