1835 2672
411 134 431 168 8
827 136 974 172 PARS
1003 137 1274 183 SECUNDA,

467 242 534 284 91.
567 232 679 274 Cum
712 232 1059 275 Adolescentula
1100 234 1167 275 his
1196 248 1344 275 aurern
1386 240 1667 289 mentemque

408 301 747 342 attentissimam
769 302 987 355 adjiceret,
1007 302 1044 344 8(
1067 317 1239 357 sparsos
1260 304 1490 345 verborum
1513 317 1666 345 sensus

409 370 452 409 in
488 383 637 420 unum,
669 372 909 412 secundum
947 373 1213 413 eminentem
1249 372 1436 413 naturali
1472 386 1560 413 non
1590 373 1666 414 ab·

408 439 597 479 similem
618 439 909 493 copulationis
933 442 1125 491 modum,
1153 441 1372 490 collectos,
1395 441 1436 481 in
1460 455 1539 482 sua
1559 441 1666 490 luce,

407 507 519 547 sicut
554 508 648 561 ipsa
680 509 850 550 solebat
884 510 1037 559 dicere,
1071 511 1347 563 perspiceret,
1375 511 1487 550 circa
1520 509 1665 559 finem,

407 577 523 628 quod
548 578 876 629 repraesentatio
894 578 1175 619 affectionum
1200 579 1364 619 Mentis
1384 580 1427 619 in
1447 578 1582 629 vultu,
1600 592 1666 619 es-

406 650 473 685 set
495 645 703 685 indicium
728 647 998 699 Integritatis
1021 646 1058 686 &
1083 647 1365 695 Innocentiae,
1390 647 1664 700 aliquantum

407 714 670 766 pensitando
702 714 840 764 haesit,
878 716 1075 755 nesciens
1112 715 1268 765 adhuc,
1296 715 1401 768 quid
1436 721 1549 755 esset
1582 729 1666 755 non

407 782 656 834 integrmn;
688 797 822 836 quare
854 783 1071 823 submissa
1105 797 1232 836 prece
1267 784 1460 836 rogabat,
1481 790 1539 824 ¹ut
1577 797 1664 824 non

408 852 680 901 desisterent,
723 851 816 901 sibi,
858 852 1125 901 instruendo,
1168 852 1322 902 favere,
1365 852 1403 893 &
1453 852 1496 893 in
1540 865 1664 892 suam

406 919 547 959 lucem
571 919 704 959 etiam
725 920 974 969 immittere,
997 921 1102 973 quid
1136 927 1260 969 esset,
1285 920 1323 961 ἃ
1354 921 1481 970 unde,
1513 920 1667 962 Status

405 987 705 1040 Integritatis:
736 987 817 1028 hac
840 989 1257 1042 interrogatiuncula
1283 1003 1370 1029 non
1402 1003 1556 1042 parum
1588 1002 1665 1042 ga-

405 1056 497 1096 visa
521 1056 634 1096 Diva
659 1056 869 1106 Caelestis,
889 1071 945 1097 ex
964 1070 1101 1110 nuper
1115 1057 1272 1108 relatis,
1291 1058 1441 1111 inquit,
1459 1058 1502 1098 in
1524 1057 1665 1098 lucem

405 1131 527 1165 tuam
552 1125 779 1165 intravisse
801 1126 902 1175 scio,
924 1125 1043 1179 quod
1070 1132 1157 1166 tres
1182 1126 1433 1167 Facultates
1465 1127 1507 1167 in
1540 1127 1666 1168 nobis

406 1193 487 1233 sibi
509 1199 663 1234 mutuo
686 1194 935 1244 succedant,
957 1208 1008 1235 ac
1030 1194 1073 1234 in
1095 1208 1142 1235 se
1164 1201 1318 1235 mutuo
1339 1201 1485 1248 agant,
1504 1195 1667 1236 scilicet

406 1261 583 1311 Anima,
613 1263 742 1302 Mens
774 1263 1080 1303 intellectualis
1112 1277 1210 1304 cum
1247 1265 1325 1304 sua
1356 1263 1596 1313 voluntate,
1626 1263 1664 1304 &

406 1330 597 1371 Animus
633 1345 708 1371 seu
745 1331 874 1371 Mens
905 1331 1107 1373 inferior:
1140 1332 1177 1373 ἃ
1212 1332 1330 1385 quod
1359 1332 1559 1373 similiter
1578 1338 1664 1373 tres

408 1400 572 1440 Fontes
593 1400 709 1440 Vitae
731 1401 828 1450 sint,
853 1414 878 1440 a
900 1401 1057 1452 quibus
1081 1401 1332 1441 Facultates
1352 1401 1457 1451 istae,
1480 1415 1554 1442 seu
1585 1401 1666 1442 Po-

405 1469 566 1518 tentiae,
605 1468 648 1508 in
688 1482 812 1508 suam
846 1470 983 1509 vitam
1025 1469 1286 1518 excitantur,
1323 1483 1509 1523 quorum
1553 1483 1664 1510 unus

406 1537 609 1577 similiter
629 1537 720 1590 agit
742 1537 779 1578 &
803 1537 943 1578 influit
967 1537 1008 1577 in
1031 1537 1228 1587 alterum,
1251 1538 1289 1579 &
1313 1539 1373 1579 sic
1394 1538 1663 1591 conjunctim

407 1607 451 1646 in
485 1611 687 1646 naturam
723 1606 785 1646 tui
822 1605 1024 1646 Munduli
1060 1606 1280 1659 Corporei,
1307 1620 1445 1659 usque
1477 1607 1533 1647 ad
1571 1606 1664 1660 ejus

407 1680 636 1715 extrema:
668 1674 789 1715 Talis
819 1680 884 1714 est
918 1674 1052 1724 Ordo,
1082 1688 1213 1727 quem
1247 1675 1486 1728 Supremus
1518 1681 1666 1716 noster

407 1743 463 1784 ab
484 1748 650 1783 aeterno
671 1743 911 1796 prospexit,
936 1743 973 1783 &
995 1743 1055 1783 sic
1076 1757 1099 1783 a
1122 1743 1262 1796 prima
1295 1744 1513 1784 creatione
1543 1744 1664 1785 insti-

406 1812 517 1860 tuit3
549 1811 587 1852 &
609 1811 743 1852 talem
767 1812 810 1851 in
833 1811 908 1861 Te,
934 1825 1032 1852 mea
1055 1812 1190 1853 Filia!
1224 1813 1411 1865 signavit
1433 1812 1470 1853 ἃ
1493 1818 1664 1854 consta—

405 1880 556 1921 bilivit.
619 1881 714 1920 Nos
739 1880 948 1921 Caelestes
969 1880 1268 1933 Integrz'tatem
1295 1894 1351 1921 ex
1377 1881 1473 1934 ipso
1498 1880 1665 1922 Ordine

406 1963 431 1990 a
453 1949 666 2002 supremis
689 1949 743 1988 ad
767 1948 927 1998 infima,
948 1954 1023 1989 aut
1044 1949 1078 1989 si
1102 1949 1252 1999 mavis,
1275 1950 1392 2002 quod
1415 1950 1577 1990 exinde
1598 1963 1665 1990 se-

405 2018 561 2071 quitur,
586 2016 642 2057 ab
665 2017 828 2057 intimis
850 2017 905 2057 ad
929 2018 1108 2066 extima,
1131 2018 1190 2057 sic
1212 2031 1237 2057 a
1258 2017 1590 2070 simplicissimis
1605 2017 1662 2058 ad

404 2084 559 2125 ultimo
592 2085 848 2137 composita,
878 2085 1156 2137 judicamus;
1195 2085 1326 2125 Visus
1362 2085 1477 2126 enim
1516 2091 1665 2126 noster

405 2167 491 2194 non
513 2152 647 2193 haeret
675 2153 717 2192 in
748 2153 987 2206 superficie,
1010 2154 1085 2194 sed
1122 2159 1322 2206 penetrat
1359 2154 1400 2193 in
1434 2153 1663 2204 medullas,

404 2235 455 2263 ac
486 2221 680 2262 intuetur
709 2221 1018 2274 principiorum
1051 2222 1274 2274 principia,
1297 2220 1335 2262 &
1368 2221 1423 2262 ab
1451 2222 1501 2262 iis
1526 2222 1664 2262 conti-

405 2296 557 2331 nenter
578 2289 771 2343 sequitur
790 2289 911 2330 filum
932 2289 988 2330 ad
1012 2289 1164 2330 ultima
1186 2295 1346 2340 textus,
1366 2290 1469 2330 inde
1492 2290 1663 2331 bonita-
