1783 2760
430 139 508 174 DE
538 140 812 174 JNFANTJA
849 141 1230 176 PRIMOGENJTJ.
1413 142 1458 187 69

206 236 314 276 sicut
348 237 579 290 Imagines,
611 238 686 278 sed
719 239 828 278 sicut
860 239 989 287 Ideae,
1022 246 1307 292 apparerent:
1343 240 1459 293 ipsas

205 305 338 345 etiam
362 319 508 346 earum
541 307 806 346 Harmonias
836 308 1116 348 convertebat
1146 309 1188 348 in
1223 308 1460 349 Pulchritu-

206 373 340 422 dines,
372 373 409 414 &
438 375 644 426 quicquid
673 388 730 414 ex
759 389 907 415 earum
935 375 1059 415 allisu
1086 377 1307 416 cardinem
1337 377 1460 417 istius

205 442 342 494 postis
365 441 517 482 leniret
534 456 583 482 ac
602 443 819 492 mulceret,
839 444 880 483 in
899 444 1227 485 Oblectationes
1246 444 1283 484 δε
1300 445 1462 497 Jucun-

206 510 392 561 ditates;
422 511 620 551 similiter
651 525 803 552 omnes
837 513 959 552 istius
997 513 1196 553 Luminis
1232 513 1460 553 Modifica-

205 579 356 627 tiones,
381 593 457 632 per
476 579 614 620 solam
636 581 736 620 vitae
766 580 858 633 ejus
887 582 1208 634 aspirationem,
1232 582 1274 621 in
1304 581 1463 622 Sensa-

204 648 359 697 tiones,
375 648 677 698 mutabantur;
709 648 824 688 hunc
841 650 1028 702 primum
1053 656 1223 703 postem
1246 651 1463 691 vocabant

205 730 331 756 suum
359 716 547 758 Oculum.
609 717 942 771 Spectatissima
964 719 1057 758 haec
1082 719 1253 771 Regina
1279 719 1358 758 has
1387 720 1462 759 ad-

204 798 337 825 venas
360 785 517 825 dextra
540 800 675 839 usque
698 787 752 826 ad
779 787 966 839 primum
995 786 1172 826 Atrium
1202 801 1290 827 suae
1318 787 1460 835 Aulae,

204 854 276 893 ubi
300 854 501 906 perplura
524 855 845 895 ordinatissime
867 862 1030 895 structa
1063 862 1185 895 erant
1214 856 1460 904 diversoria,

204 923 403 972 deduxit,
426 922 464 962 &
493 923 626 963 cuivis
655 937 780 963 suum
809 925 1048 977 assignavit
1075 925 1326 977 hospitium,
1347 931 1394 964 ut
1417 925 1460 965 in

205 1004 268 1039 eo,
304 991 415 1031 sicut
457 991 499 1030 in
534 991 725 1032 abducto
761 1006 786 1032 a
823 1006 868 1032 se
905 1007 1083 1040 recessu,
1122 994 1460 1040 demorarentur,

204 1073 342 1112 usque
359 1060 463 1100 dum
487 1060 529 1099 in
547 1073 672 1100 suum
690 1067 916 1113 aspectum
933 1061 1033 1101 inde
1051 1068 1251 1110 evocatae,
1270 1062 1313 1101 in
1331 1061 1461 1102 Aulae

204 1141 295 1167 suae
327 1129 530 1168 interiora
561 1129 922 1178 admitterentur;
955 1129 1023 1170 hic
1052 1129 1170 1169 locus
1200 1130 1340 1170 dictus
1369 1136 1462 1170 erat

204 1196 431 1237 stsemorz'a.
467 1197 578 1237 Mox
595 1204 742 1237 autem
761 1197 1002 1238 adscititios
1021 1197 1058 1238 δι
1075 1198 1303 1237 umbrosos
1319 1198 1460 1238 cultus

204 1278 383 1314 exuens,
393 1279 436 1304 se
455 1266 758 1318 recomposuit,
775 1265 812 1306 δε
829 1280 900 1305 eas
916 1266 959 1306 in
973 1266 1214 1318 superiores
1229 1266 1459 1316 thalamos,

204 1346 278 1372 seu
299 1332 506 1381 Sacraria,
525 1333 696 1374 decenti
713 1334 875 1383 ordine,
896 1335 1107 1383 invitavit,
1124 1348 1285 1386 easque
1303 1335 1459 1374 iterum

204 1402 316 1441 nova
339 1401 376 1441 ἃ
401 1402 572 1454 puriore
593 1402 683 1441 vita
705 1401 876 1442 afflatas
897 1402 957 1442 ita
978 1403 1199 1451 animavit,
1217 1409 1265 1443 ut
1286 1403 1391 1442 dum
1414 1417 1461 1443 se

203 1483 346 1509 rursus
389 1470 669 1517 intuerentur,
711 1476 921 1522 tanquam
963 1484 986 1510 e
1032 1478 1183 1510 mutuo
1224 1479 1460 1523 conspectu

204 1538 472 1591 disperirent,
497 1538 535 1578 ἃ
559 1539 700 1578 minus
722 1538 876 1587 adhuc,
898 1552 1030 1591 quam
1053 1539 1161 1579 infra
1183 1540 1224 1578 in
1244 1539 1391 1579 limine
1413 1554 1460 1580 se

205 1613 575 1659 recognoscerent,
598 1608 658 1648 ita
681 1608 796 1648 enim
820 1622 844 1648 a
874 1608 1036 1648 lumine
1067 1608 1160 1660 ejus
1189 1608 1459 1661 resplendes-

204 1675 388 1726 cebant;
419 1689 520 1716 nam
543 1690 640 1728 quae
662 1677 779 1729 prius
801 1676 883 1716 sub
904 1676 1047 1729 effigie
1076 1678 1184 1717 sicut
1215 1677 1332 1717 Ideae
1354 1677 1458 1717 visae

204 1750 338 1792 erant,
350 1744 442 1797 jam
460 1758 537 1797 per
554 1751 727 1785 mutuas
746 1746 1100 1794 consociationes,
1115 1759 1160 1785 se
1177 1745 1459 1785 transforma-

203 1819 271 1853 tas
293 1813 335 1852 in
358 1812 561 1852 Rationes
581 1813 949 1866 appercipiebant,
973 1827 1070 1866 quse
1091 1820 1239 1853 tamen
1265 1827 1290 1853 a
1317 1814 1458 1866 priore

203 1883 281 1921 sua
315 1880 455 1921 forma
490 1881 824 1934 cognominatze,
855 1881 967 1923 Ideae
994 1882 1243 1922 [rationales
1278 1896 1353 1922 seu
1384 1883 1459 1922 In-

204 1949 452 1997 tellectuales
485 1950 766 1998 vocabantur,
806 1951 1010 1990 Idearum
1048 1951 1226 1991 istarum
1267 1951 1459 1992 Pulchri-

203 2018 390 2067 tudines,
412 2031 509 2070 quae
532 2018 635 2058 olim
670 2018 924 2058 Harmoniae
947 2019 1128 2067 fuerant,
1147 2020 1239 2072 jam
1263 2019 1305 2058 in
1329 2020 1458 2059 Boni-

203 2092 328 2135 tates,
347 2092 479 2139 atque
496 2100 643 2127 earum
664 2086 992 2127 Oblectationes
1015 2087 1053 2127 &
1075 2088 1381 2140 Jucunditates
1402 2101 1459 2127 ex

204 2154 527 2208 pulchritudine
549 2154 744 2203 fluentes,
768 2155 810 2195 in
835 2155 1007 2196 Gaudia
1029 2155 1066 2196 &
1096 2156 1375 2203 Faustitates,
1399 2157 1460 2196 ita

203 2236 378 2276 prorsus
401 2224 442 2263 in
466 2222 674 2264 Caelestes
697 2223 870 2272 formas,
888 2230 1107 2265 renovatae
1118 2224 1131 2274 (
1134 2225 1194 2276 g).
1241 2224 1336 2263 Has
1357 2238 1460 2264 vero

251 2301 308 2347 (g)
336 2302 456 2337 Voces
474 2302 581 2337 unius
599 2301 737 2347 sormae,
750 2302 852 2338 alteri
867 2314 940 2337 non
955 2303 1177 2338 conveniunt
1192 2316 1199 2345 ;
1217 2303 1348 2348 prioris
1363 2303 1460 2337 enim
