1783 2760
359 213 438 249 DE
472 211 731 258 CONJUGIO
759 209 1143 245 PRIMOGENITJ.
1337 218 1378 252 19

132 311 314 364 aperuit,
335 324 386 352 ac
407 311 522 351 intus
544 310 586 349 in
609 308 680 348 illa
703 309 859 348 iterum
880 308 1215 349 innumerabiles
1244 322 1380 349 novos

127 379 374 427 vorticulos,
390 378 573 419 totidem
594 376 983 428 Intelligentiarum
1000 376 1037 417 ἃ
1057 376 1378 430 Sapientiarum

129 448 426 488 ornatissimas
448 446 570 499 quasi
593 444 808 493 aediculas,
833 445 876 484 in
909 445 1114 485 Formam
1147 445 1379 486 Caelestem

131 518 460 565 circumductas,
483 516 526 555 in
547 520 829 567 conspectum
852 514 983 561 dedit,
1006 528 1104 567 quae
1132 528 1210 567 per
1239 514 1380 555 infini-

128 592 197 626 tos
219 598 318 625 suos
339 585 457 624 sinus
480 582 517 623 &
541 582 734 630 circulos,
750 596 987 635 eorumque
1009 583 1204 623 omnium
1226 583 1381 623 decen-

127 654 343 695 tissimum
365 652 573 698 ordinem,
597 651 816 704 quendam
840 650 1094 703 Olympum,
1113 665 1187 691 seu
1212 651 1380 693 Caelum

129 722 262 762 nostri
279 720 469 769 Amoris,
486 720 528 759 in
548 719 730 773 parvula
751 718 893 772 effigie
916 719 1145 771 referrent;
1168 725 1381 760 monstra-

128 790 205 831 bat
228 789 372 839 etiam,
394 788 617 841 quomodo
647 787 946 840 Olympiades,
973 787 1102 840 hujus
1133 789 1238 830 Caeli
1271 789 1381 829 indi-

129 871 265 912 genae,
288 871 365 910 per
389 856 652 898 variationes
678 856 800 896 istius
822 855 987 905 formae,
1007 870 1081 897 seu
1115 857 1381 897 mutationes

130 932 282 975 status,
307 925 434 966 Ideas
456 931 616 965 nostrae
647 925 810 964 Mentis
842 924 1158 972 intellectualis,
1183 926 1382 980 concipe-

129 1001 224 1035 rent
246 994 284 1034 &
309 998 556 1043 versarent;
585 998 679 1033 tum
710 992 854 1041 etiam,
875 994 1098 1045 quomodo
1130 996 1382 1047 unaquaevis

130 1063 410 1117 purissimum
447 1061 565 1101 fibrae
595 1061 803 1101 aemulum
841 1067 1010 1101 stamen
1045 1068 1310 1112 contexeret,
1343 1063 1381 1105 ἃ

131 1132 223 1185 ejus
256 1130 408 1184 porulo
449 1130 601 1170 Vitam
636 1129 881 1178 Caelestem,
911 1143 985 1169 seu
1019 1129 1198 1170 Amoris
1233 1132 1380 1181 nostri,

131 1199 404 1246 infunderet;
437 1197 475 1238 &
507 1211 564 1237 ex
592 1203 658 1237 tot
685 1196 956 1246 staminibus,
981 1203 1087 1250 quot
1110 1204 1230 1239 erant
1251 1200 1383 1240 vorti-

132 1267 228 1308 celli
259 1281 333 1307 seu
367 1265 761 1317 Intelligentiarum
795 1265 1082 1315 domunculae,
1109 1266 1382 1320 superficiem

134 1335 300 1376 fibrulae
321 1347 456 1388 nuper
483 1340 748 1382 memoratae,
770 1347 900 1386 quam
931 1334 1019 1374 vita
1049 1335 1257 1375 naturalis
1288 1349 1384 1388 per-

134 1409 264 1452 meat,
286 1403 607 1443 concinnarent.
671 1402 772 1442 Una
794 1402 950 1442 iterum
973 1416 1030 1442 ex
1052 1402 1118 1443 his
1149 1404 1382 1445 vorticellis

134 1487 210 1514 seu
242 1472 437 1513 siderulis
472 1471 645 1520 reclusa,
677 1471 877 1524 apparuit
903 1472 1098 1512 omnium
1125 1472 1382 1514 Formarum

136 1541 359 1594 Suprema,
391 1538 753 1593 Supra-Caelestis
780 1539 907 1586 dicta,
931 1553 988 1579 ex
1020 1541 1106 1592 qua
1137 1542 1384 1583 emicabant

134 1609 196 1650 illi
222 1609 341 1657 radii,
363 1621 438 1648 seu
471 1621 547 1660 per
577 1607 990 1659 supereminentiam
1022 1607 1153 1657 fibrae,
1176 1623 1274 1662 quae
1295 1606 1385 1650 vita

137 1678 337 1731 Supremi
359 1677 607 1730 permicatae
630 1677 673 1716 in
694 1675 934 1730 Olympum
957 1678 1271 1730 penetrabant:
1302 1680 1384 1721 hoc

131 1746 224 1799 jam
261 1751 326 1786 est
358 1745 559 1785 intimum
593 1744 773 1793 Caelum,
806 1745 877 1793 ait,
906 1759 984 1799 ‚seu
1013 1745 1191 1786 Animae
1224 1753 1384 1788 nostrae

137 1815 332 1868 adytum,
355 1828 412 1854 ex
435 1826 521 1865 quo
544 1813 702 1861 omnia,
723 1826 820 1865 quae
847 1814 890 1853 in
918 1814 1133 1854 Mundulo
1165 1815 1249 1856 isto
1280 1816 1387 1857 Cor-

137 1897 272 1937 poreo
301 1883 392 1923 vita
422 1882 584 1930 vivunt,
608 1887 707 1921 actu
737 1887 883 1933 agunt,
907 1895 1092 1935 quaeque
1118 1889 1229 1932 sunt,
1253 1883 1291 1924 &
1325 1885 1387 1925 ita

137 1952 344 2000 existunt,
367 1963 493 1990 suum
526 1949 635 1989 Esse
663 1948 871 2000 trahunt;
903 1963 1005 1990 nam
1037 1964 1094 1990 ex
1123 1951 1302 1993 infinitis
1324 1954 1387 1994 in-

139 2019 271 2059 finitae
286 2018 486 2072 puritatis
501 2017 543 2057 in
558 2016 741 2057 formam
758 2017 1150 2070 Supra-Caelestem
1165 2020 1387 2074 dispositis

139 2087 262 2140 quasi
275 2086 457 2140 punctis,
470 2085 718 2126 eradiantur
731 2084 769 2125 &
785 2087 973 2127 emicant
987 2089 1193 2129 continuo
1205 2089 1387 2131 infinitae

140 2155 293 2196 itidem
326 2154 526 2208 puritatis
558 2154 696 2202 lineae,
727 2167 785 2193 ex
821 2155 977 2207 quibus
1012 2157 1207 2197 omnium
1234 2159 1388 2211 primae

140 2222 508 2277 permeabilitates
529 2223 731 2275 suprema
752 2222 958 2263 animatae
973 2225 1072 2274 vita,
1089 2224 1387 2276 conficiuntur,

142 2305 240 2344 quae
276 2291 319 2331 in
360 2290 565 2331 Formam
602 2289 833 2331 Caelestem
874 2293 1144 2346 transcriptae
1182 2293 1386 2334 aemulum

142 2359 248 2400 illud
282 2358 555 2408 stamineum,
575 2358 618 2398 in
652 2357 787 2399 altero
822 2358 953 2410 Caelo,
984 2361 1039 2401 ab
1075 2361 1387 2403 Heliconidum
