1835 2672
376 150 438 185 162
569 147 754 184 CAPUT
781 144 1097 189 SECUNDUM,
1131 142 1324 180 SECTJO
1356 142 1429 178 III.

373 249 496 303 quasi
519 248 760 301 gignuntur
775 246 1007 294 Veritates,
1022 244 1153 285 vestri
1171 257 1280 284 meae
1300 241 1630 295 Intelligentiae!

372 323 575 372 parentes
591 331 600 367 ;
631 329 818 369 cumque
840 314 959 355 nulla
988 314 1089 354 Lux
1118 313 1314 365 desuper.
1338 325 1414 352 seu
1442 325 1468 351 a
1497 310 1630 360 Caelo,

374 389 417 428 in
449 387 528 427 has
560 385 733 434 formas,
762 384 1021 432 admittitur,
1053 382 1194 431 dicite,
1227 380 1366 434 qualis
1397 386 1500 420 tunc
1531 379 1632 420 inde

374 455 566 497 nascitur
584 454 839 494 Intellectus
855 453 955 502 veri,
970 451 1008 492 δι
1025 451 1242 492 Voluntas
1259 450 1374 499 boni,
1388 463 1463 490 seu
1481 449 1634 502 quales

375 526 477 566 inde
499 528 743 576 exsurgunt
765 523 970 563 veritates
991 520 1030 561 δι
1046 520 1279 569 bonitates,
1296 532 1351 559 an
1374 518 1481 568 aliae,
1499 531 1633 571 quam

375 608 473 648 quae
496 606 627 634 merae
649 591 833 632 fallaciae
850 589 888 630 &
905 590 1124 630 vanitates
1141 593 1241 628 sunt
1253 601 1262 638 ;
1292 585 1468 628 redeam
1487 588 1636 640 itaque

372 664 464 716 jam
507 663 562 703 ad
603 661 719 701 hunc
760 672 907 699 meum
947 659 1216 711 ingressum;
1258 657 1293 696 si
1329 656 1435 697 Vita
1474 662 1635 696 nostrae

378 733 543 773 Mentis
565 731 621 771 sit
645 727 944 781 Intelligentia
965 727 1065 775 veri,
1089 725 1127 766 &
1152 725 1377 778 Sapientia
1399 725 1515 774 boni,
1537 738 1637 778 quae

378 809 481 842 tunc
499 813 610 841 vena
631 799 733 839 vitae
756 797 868 837 inest
890 794 1191 848 intelligentiae
1212 793 1319 843 falsi,
1343 793 1381 834 ἃ
1410 793 1637 846 sapientiae

377 870 507 911 vani?
549 881 694 908 nonne
723 866 780 915 id,
816 864 934 918 quod
971 863 1236 904 contrarium
1274 863 1355 915 ipsi
1390 862 1491 903 vitae
1529 861 1637 903 Caeli

380 945 470 988 est;
513 937 645 977 dicite
676 935 782 988 jam,
812 947 899 986 quo
934 931 1073 981 titulo,
1107 937 1182 972 aut
1218 944 1307 984 quo
1337 931 1525 980 nomine,
1555 930 1639 970 hoc

379 1006 643 1048 contrarium
673 1004 878 1056 insignire
906 1001 1116 1055 potestis;
1148 1013 1203 1040 an
1235 999 1334 1048 alio,
1356 1012 1488 1052 quarn
1520 999 1639 1052 quod

381 1077 539 1118 dicitur
565 1073 733 1122 umbra,
755 1085 804 1112 ac
833 1071 999 1124 species
1028 1070 1191 1110 mortis.
1254 1068 1341 1110 Sed
1370 1063 1514 1109 adhuc
1545 1081 1642 1121 per-

382 1145 530 1199 spicio,
552 1143 670 1197 quod
699 1155 753 1182 ne
782 1140 960 1194 quidem
988 1139 1081 1179 haec
1112 1138 1285 1178 Veritas
1314 1137 1402 1178 alte
1432 1143 1644 1191 penetret,

383 1228 485 1255 nam
513 1213 715 1267 princeps
742 1210 874 1250 vestri
903 1208 1001 1249 atrii
1028 1221 1103 1248 seu
1130 1207 1322 1247 Animus
1354 1206 1448 1246 haec
1479 1205 1644 1246 umbris

383 1284 471 1324 suis
504 1282 619 1322 illico
651 1279 859 1332 implicat,
881 1277 918 1317 ἃ
951 1276 1072 1317 fumo
1103 1288 1280 1315 suorum
1310 1274 1549 1315 carbonum
1581 1274 1645 1314 in-

383 1352 533 1393 voluta
565 1350 607 1390 in
640 1349 831 1389 diversas
862 1345 1162 1398 conglomerat
1193 1343 1366 1393 formas,
1393 1357 1525 1396 quare
1556 1356 1645 1383 non

386 1420 503 1461 aliud
540 1417 665 1458 nobis
697 1420 906 1468 superest,
938 1414 1055 1454 dicta
1087 1419 1235 1454 nostra
1265 1412 1563 1462 confirmandi,
1594 1425 1646 1452 ac

387 1489 519 1529 fidem
560 1498 708 1527 eorum
749 1483 1023 1536 obsignandi,
1067 1481 1260 1522 medium
1303 1481 1342 1522 δε
1383 1480 1644 1534 perfugium,

388 1569 521 1610 quarn
558 1561 606 1595 ut
636 1553 821 1594 Vosmet
852 1552 979 1604 ipsaS,
1012 1551 1055 1590 in
1085 1550 1283 1603 speculis,
1316 1549 1354 1590 ἃ
1384 1550 1444 1590 sic
1475 1563 1551 1602 per
1582 1562 1646 1589 rea

389 1626 551 1667 flexam
590 1624 633 1663 in
674 1621 823 1662 oculos
863 1626 1031 1660 vestros
1071 1619 1225 1668 lucem,
1261 1618 1647 1671 contemplemini;

390 1701 617 1749 portamus
652 1691 766 1731 enim
798 1689 1025 1729 nobiscum
1057 1701 1191 1741 parva
1220 1687 1406 1741 specula,
1439 1701 1462 1727 e
1491 1687 1648 1740 quibus

391 1763 500 1805 visui
537 1760 727 1801 obmotis
758 1758 1008 1810 conspicere
1038 1757 1221 1810 potestis
1250 1770 1337 1796 non
1367 1762 1511 1796 vestra
1544 1755 1649 1796 Cor-

392 1846 510 1887 pora,
534 1830 609 1870 sed
633 1830 749 1882 ipsas
772 1827 947 1867 Mentes
969 1826 1011 1866 in
1035 1827 1205 1866 suamet
1227 1826 1379 1878 effigie,
1401 1839 1474 1865 seu
1500 1824 1650 1877 quales

393 1900 547 1949 Nobis,
577 1911 675 1951 quae
712 1895 949 1949 Sapientiae
983 1894 1190 1937 Caelestes
1226 1907 1385 1943 sumus,
1416 1894 1472 1934 ad
1502 1894 1649 1934 vivum

394 1967 639 2024 apparetis:
671 1965 862 2005 obmotis
894 1964 1042 2017 itaque
1073 1963 1156 2003 illis
1190 1962 1390 2016 speculis,
1422 1962 1652 2003 intuemini

393 2040 495 2092 jam,
509 2036 727 2082 dicebant,
743 2033 897 2073 inferte
918 2032 1065 2073 oculos
1081 2037 1248 2073 vestros
1266 2032 1307 2072 in
1325 2044 1478 2072 omnes
1494 2037 1653 2084 partes,

397 2108 435 2148 &
457 2106 602 2147 videte
621 2104 711 2157 jam
736 2102 885 2155 quales
914 2102 1017 2142 estis
1044 2101 1250 2150 Veneres,
1273 2107 1347 2141 aut
1378 2100 1590 2151 Pallades,
1613 2100 1652 2141 &

397 2176 547 2230 quales
575 2173 706 2213 vestri
733 2171 907 2212 candidi
938 2171 1091 2220 cultus,
1115 2169 1153 2210 &
1181 2169 1375 2210 caelestes
1408 2169 1518 2220 fuci;
1550 2176 1653 2210 tunc

398 2246 478 2286 sibi
502 2256 588 2284 non
610 2254 733 2282 secus
755 2241 858 2281 visae
880 2246 991 2289 sunt,
1010 2253 1060 2280 ac
1081 2238 1275 2286 fullones,
1298 2244 1374 2278 aut
1395 2238 1506 2279 sicut
1527 2238 1655 2279 turba

400 2315 485 2363 illa,
516 2326 614 2366 quae
650 2311 706 2352 ad
742 2309 938 2350 fornaces
972 2308 1176 2361 sulphure
1208 2307 1411 2348 ardentes
1447 2307 1656 2348 continuo
