1783 2760
522 207 601 241 DE
637 207 783 242 ORTU
815 207 1088 242 TELLURIS.
1411 216 1430 250 3

179 302 286 343 Polo
301 303 486 357 propior,
505 305 656 358 quovis
673 305 737 345 sui
755 318 1006 358 progressus
1025 306 1193 345 minuto
1210 310 1430 358 permutat

177 372 319 421 situm,
358 372 396 413 &
433 387 530 413 cum
571 374 655 414 situ
692 380 928 426 aspectum,
966 388 1052 426 quo
1089 373 1265 422 Orbem,
1303 387 1429 413 suum

180 439 400 490 Centrum,
446 441 641 482 illustrat.
731 443 1029 490 Circuitiones,
1073 448 1180 495 quot
1231 442 1428 490 absolvit,

177 507 362 548 totidem
392 516 493 549 sunt
524 510 615 562 ejus
646 509 780 560 Anni,
807 511 931 550 nobis
965 512 1164 551 Menses:
1194 512 1254 551 ita
1286 525 1430 550 rursus

178 577 324 629 imago
355 577 443 618 fere
476 578 626 618 similis
658 579 750 631 ejus
782 593 941 627 cursus,
976 586 1235 632 temporum,
1269 580 1430 619 vicissi-

177 644 391 694 tudinum,
411 646 448 686 &
465 646 663 698 plurium,
682 661 779 699 quae
796 648 852 688 ab
874 647 951 696 his,
965 654 1013 687 ut
1029 661 1086 687 ex
1104 648 1255 697 causis,
1278 647 1429 693 fluunt,

178 713 317 765 qualis
338 714 381 753 in
404 714 578 754 Tellure
599 721 758 763 nostra,
780 722 1124 768 repraesentatur.

239 790 272 832 5.
306 781 418 822 Sunt
454 789 663 835 praeterea
698 783 891 836 ingentia
924 784 1118 837 Corpora
1150 784 1187 824 &
1222 784 1430 833 Pondera‚

178 850 337 890 circum
357 850 504 891 Solem
523 857 729 900 nostrum,
745 866 1021 893 communem
1039 853 1237 893 Luminis
1251 853 1431 901 fontem,

180 919 292 959 intra
331 919 413 959 hoc
454 919 545 972 ejus
583 920 856 970 Universum,
894 923 1109 974 vagantia,
1148 937 1246 975 quae
1283 922 1433 963 Stellae

181 987 398 1036 Errantes,
434 988 564 1040 vulgo
608 989 811 1037 Planetae,
853 990 1061 1031 audiunt:
1117 991 1202 1030 Hae
1239 991 1436 1030 similiter

180 1062 351 1108 gyrant,
372 1056 409 1096 &
443 1057 681 1096 secundum
711 1058 941 1098 distantias
969 1072 1068 1098 suas
1096 1073 1121 1099 a
1151 1059 1323 1108 Centro,
1346 1059 1435 1099 vol-

180 1131 287 1164 vunt
320 1123 357 1164 ἃ
393 1125 641 1165 describunt
678 1126 955 1178 Peripherias,
984 1140 1081 1179 quae
1116 1128 1301 1167 totidem
1335 1134 1436 1168 sunt

181 1206 328 1232 earum
350 1192 526 1241 Annua,
546 1207 642 1245 quae
664 1194 909 1243 conficiunt,
929 1195 1148 1247 Tempora
1171 1202 1245 1235 aut
1270 1196 1434 1248 Spatia.

184 1262 269 1301 Hae
286 1262 510 1300 immensae
530 1261 681 1310 Moles,
699 1276 784 1301 non
803 1276 926 1302 secus
943 1277 992 1302 ac
1008 1263 1258 1316 Terraquea
1275 1271 1434 1312 nostra,

180 1330 332 1370 Axem
355 1343 479 1369 suum
502 1330 557 1370 ad
583 1330 709 1369 Polos
735 1330 933 1371 Universi
965 1338 1155 1371 erectum
1184 1338 1372 1384 portant,
1398 1332 1435 1372 &

182 1412 353 1439 cursum
376 1398 615 1439 secundum
638 1397 802 1438 flexum
826 1400 890 1438 sui
922 1399 1098 1439 Zodiaci
1130 1407 1296 1452 urgent,
1320 1401 1436 1440 unde

181 1467 264 1507 illis
305 1467 437 1507 etiam
473 1467 620 1516 Veres,
655 1468 863 1516 AEstateS‚
897 1468 1115 1508 Autumni
1153 1468 1190 1508 &
1228 1469 1436 1521 Hyemes.

182 1536 403 1575 Rotantur
442 1536 587 1583 etiam,
621 1536 730 1575 sicut
772 1536 934 1582 orbitae,
973 1537 1132 1575 circum
1169 1550 1312 1586 axem,
1350 1551 1437 1589 quo

183 1603 332 1645 Solem
354 1617 479 1643 suum
503 1605 613 1644 intra
636 1605 833 1656 quamvis
861 1605 1108 1644 Rotationis
1135 1605 1285 1652 vicem,
1308 1619 1437 1645 mane

182 1672 392 1712 orientem
415 1671 452 1711 Sc
476 1685 653 1724 vespere
675 1673 945 1712 occidentem
968 1674 1194 1725 aspiciunt,
1219 1674 1333 1713 unde
1356 1674 1438 1713 illis

183 1741 315 1780 etiam
334 1740 539 1780 Meridies
559 1739 596 1780 ἃ
615 1740 788 1788 Noctes,
804 1754 902 1780 cum
920 1742 1186 1781 intermediis
1203 1741 1438 1781 luminibus

185 1809 223 1849 &
241 1808 414 1849 umbris.
456 1809 639 1860 Insuper
656 1809 786 1848 etiam
803 1809 961 1848 circum
980 1808 1059 1848 hos
1074 1809 1259 1849 Telluris
1278 1816 1437 1849 nostrae

184 1877 365 1917 aemulos
401 1876 566 1917 Globos
602 1876 829 1916 ambulant
861 1877 1010 1925 Lunae,
1045 1876 1266 1918 Satellites
1295 1879 1437 1926 dictae,

185 1959 282 1997 quae
323 1958 348 1984 a
391 1944 492 1985 Sole
534 1951 734 1984 mutuato
775 1944 1026 1997 reflexoque
1067 1945 1229 1986 lumine
1269 1947 1437 1986 orbium

185 2014 366 2053 istorum
395 2012 642 2066 superficies
672 2013 870 2053 similiter
896 2013 1123 2055 illustrant.
1186 2015 1276 2064 Ille,
1298 2016 1371 2068 qui
1397 2017 1438 2055 in

186 2082 361 2122 ultimas
376 2080 640 2134 peripherias
655 2081 849 2133 rejectus,
867 2081 1117 2134 longissime
1132 2097 1156 2122 a
1175 2083 1277 2124 Sole
1294 2084 1438 2131 distat,

186 2164 240 2190 ne
262 2151 305 2190 in
327 2150 537 2190 debiliore
558 2149 595 2189 ἃ
615 2150 747 2189 dubia
768 2151 918 2202 magis,
938 2164 1068 2202 quarn
1093 2152 1246 2200 caeteri,
1270 2152 1439 2192 oberret

186 2218 294 2267 luce,
310 2232 471 2270 magno
493 2218 823 2258 circumcinctus
848 2224 912 2257 est
936 2218 1163 2267 Satellitio,
1188 2221 1310 2272 quasi
1341 2234 1441 2260 con-

188 2288 310 2327 tinuo
345 2287 506 2327 Lunari
535 2286 724 2339 speculo,
749 2286 983 2339 Cingulum
1014 2287 1105 2339 ejus
1134 2294 1301 2336 vocato,
1325 2290 1441 2341 quod

189 2355 332 2395 radios
361 2357 403 2395 in
432 2356 501 2395 via
531 2355 793 2407 defatigatos
827 2354 940 2395 Solis
970 2356 1145 2407 excipit,
1170 2355 1207 2395 &
1239 2356 1442 2396 collectos

194 2423 235 2463 in
257 2423 460 2465 obversas
484 2423 613 2465 Globi
636 2423 746 2463 illius
769 2423 910 2473 facies,
935 2423 1137 2475 ampliter
1158 2424 1371 2465 diffundit.
