1835 2672
327 125 373 169 46
549 125 732 159 CAPUT
760 124 1080 169 SECUNDUM,
1116 124 1310 159 SECTJO
1338 124 1368 158 l.

326 237 447 265 mum
483 230 575 264 erat
609 237 738 264 omen
779 223 1036 263 connubiale
1079 222 1295 263 Essentiae
1338 220 1587 275 Spiritualis

328 306 428 334 cum
451 294 554 333 aura
576 294 779 345 suprema
803 292 984 332 Naturae
1002 306 1011 342 ;
1044 306 1100 331 ex
1119 292 1371 340 constituto,
1387 296 1434 331 ut
1451 289 1591 330 fluens

329 375 558 403 causarum
581 362 697 402 orbis
720 362 775 401 ab
801 360 978 401 Infinito
1001 362 1043 401 in
1074 361 1276 400 Maximo
1306 360 1462 400 Mundi
1493 359 1591 401 Ovo

329 438 579 484 conceptuS,
618 430 655 470 81
699 431 754 470 ad
795 430 876 470 hoc
919 431 1148 469 minimum
1191 429 1438 482 perductus,
1481 428 1594 469 intra

331 506 532 541 naturam
561 499 870 548 absolveretur,
893 499 968 539 sed
998 499 1281 551 postmodum
1316 511 1393 551 per
1426 509 1591 537 nexum

329 583 429 610 cum
455 568 633 609 Infinito
656 567 851 608 infinitus
879 568 1157 618 redderetur,
1191 573 1326 620 utque
1355 580 1432 619 per
1458 565 1592 606 talem

331 638 534 692 copulam
576 638 800 677 Terrestre
837 637 995 676 atrium
1032 636 1207 677 Caelesti
1247 635 1595 676 committeretur

331 707 453 748 aulae.
496 707 572 746 Ab
595 707 690 759 ipso
712 705 795 745 hoc
819 705 968 745 finium
994 705 1035 744 in
1054 705 1171 754 fines,
1188 704 1225 745 81
1243 718 1400 744 usuum
1418 704 1461 743 in
1479 717 1593 753 usus,

331 777 540 817 continuo
564 775 745 823 influxu,
761 776 987 827 perspicue
1011 774 1226 823 elucescit,
1242 774 1360 826 quod
1378 772 1483 813 nihil
1506 785 1594 813 non

330 860 356 886 a
389 845 606 898 Supremo
638 844 948 897 Intelligentiae
983 843 1020 883 ἃ
1054 842 1293 895 Sapientiae
1326 843 1466 882 Fonte
1497 855 1596 894 pro-

332 914 494 954 fectum
530 913 613 964 sit3
658 926 759 952 nam
794 926 881 952 non
912 913 992 952 nisi
1025 925 1157 964 quam
1193 911 1484 964 Intelligentis
1516 916 1597 959 est,

334 984 464 1024 Fines
484 982 652 1031 intueri,
667 982 704 1022 ἃ
725 982 875 1022 Media
893 981 935 1021 in
951 981 1124 1021 ordines
1139 981 1389 1033 disponere3
1419 993 1498 1020 nec
1515 980 1598 1019 nisi

333 1065 466 1105 quam
490 1051 723 1104 Sapientis,
747 1050 1003 1103 prospicere,
1028 1049 1066 1089 81
1095 1063 1172 1103 per
1198 1063 1323 1089 suam
1351 1049 1596 1102 potentiam

333 1136 476 1176 agere,
505 1128 552 1161 ut
583 1121 743 1170 omnia,
771 1121 877 1160 dum
910 1119 1127 1167 effectum,
1158 1120 1291 1159 etiam
1323 1118 1468 1166 finem,
1495 1131 1599 1158 con-

333 1197 596 1244 sequantur:
649 1190 791 1230 Unius
829 1190 977 1241 itaque
1022 1188 1306 1237 Providentis‚
1339 1193 1414 1235 est,
1446 1186 1596 1227 finium

333 1260 560 1301 absolvere
592 1265 806 1307 catenam,
839 1258 881 1297 in
916 1259 1002 1311 qua
1036 1257 1335 1309 unusquisque
1376 1270 1523 1305 uncus,
1558 1255 1597 1296 δε

334 1331 433 1370 unci
466 1329 612 1381 ligula,
634 1341 760 1368 suum
793 1341 961 1380 gyrum,
986 1327 1040 1366 ad
1074 1326 1301 1366 firmamen
1334 1325 1480 1374 totius,
1504 1339 1598 1378 per-

334 1399 452 1440 ficiat
471 1411 479 1446 3
512 1412 561 1438 ac
585 1398 770 1450 insuper,
795 1403 841 1436 ut
864 1396 1168 1436 concatenatio
1191 1395 1274 1435 ista
1296 1408 1353 1434 ex
1376 1394 1599 1447 perpetuis

335 1469 442 1509 fluat
472 1467 632 1515 usibus,
657 1467 716 1506 ita
746 1465 1020 1513 consociatiS,
1045 1471 1091 1504 ut
1121 1464 1418 1516 unusquisque
1445 1463 1501 1503 ad
1536 1462 1598 1502 ul—

335 1538 492 1578 timum
532 1534 739 1584 collimet,
776 1548 855 1574 nec
896 1534 975 1573 nisi
1015 1546 1148 1586 quam
1192 1532 1276 1572 fine
1316 1546 1394 1572 suo
1433 1531 1475 1571 in
1516 1532 1599 1572 ori—

334 1607 494 1660 ginem,
518 1604 556 1645 δι
579 1604 634 1644 ab
650 1604 815 1656 origine
833 1603 875 1642 in
893 1602 1038 1651 finem,
1057 1600 1219 1650 influat,
1237 1600 1275 1641 ἃ
1297 1601 1359 1640 sic
1380 1613 1597 1653 nusquam

335 1675 517 1715 desinat.

395 1754 457 1794 34.
495 1743 606 1782 Haec
657 1741 836 1789 Anima,
878 1754 900 1780 e
952 1741 1156 1793 suprema
1209 1739 1362 1779 Mente
1403 1739 1602 1780 eradiata

336 1811 533 1861 scintilla,
548 1818 595 1851 ut
618 1811 807 1864 primum
825 1810 970 1851 Ovulo
988 1824 1066 1849 suo
1082 1809 1293 1862 inspirata
1310 1814 1386 1857 est,
1403 1814 1599 1849 actutum

336 1882 469 1922 etiam
491 1881 609 1934 puris
633 1880 739 1920 ideis
762 1880 869 1919 fines
888 1879 1057 1928 intueri,
1080 1879 1118 1918 &
1141 1878 1222 1918 sibi
1252 1878 1515 1919 Universum
1539 1890 1602 1916 re-

335 1956 599 2004 praesentare
633 1949 778 2001 coepit,
813 1962 891 1988 nec
927 1948 1069 1987 solum
1109 1948 1374 1988 Universum
1408 1946 1604 1994 Naturae,

336 2020 448 2060 sicut
470 2019 648 2059 Animae
671 2018 910 2066 brutorum,
927 2017 1002 2056 sed
1027 2017 1159 2056 etiam
1183 2015 1311 2056 simul
1338 2015 1602 2055 Universum

338 2088 456 2137 Caeli,
478 2101 576 2128 cum
600 2086 693 2139 ejus
718 2087 867 2138 Copiis
888 2100 936 2126 ac
962 2085 1296 2138 Intelligentiis:
1320 2088 1323 2093 '
1349 2083 1497 2136 Coepit
1522 2083 1603 2124 ita-

337 2171 432 2210 que,
465 2147 523 2196 ex
557 2156 751 2209 quodam
784 2169 906 2194 sacro
940 2154 1141 2207 igniculo,
1175 2154 1348 2206 penitus
1380 2152 1531 2192 ardere
1563 2151 1602 2192 ἃ

336 2226 505 2281 gestire,
519 2231 567 2265 ut
584 2225 708 2278 quasi
733 2224 811 2263 alis
828 2230 903 2263 aut
919 2223 1127 2263 talaribus
1144 2223 1372 2269 succincta,
1388 2220 1604 2274 potuisset

337 2309 363 2336 a
385 2296 558 2335 summa
580 2293 665 2343 illa,
688 2307 820 2346 quam
844 2292 1073 2342 insidebat,
1095 2305 1204 2342 arce,
1227 2291 1283 2332 ad
1314 2290 1471 2331 Mundi
1501 2290 1604 2340 ima,
