1835 2672
458 157 500 182 22
865 150 1010 184 PARS
1039 149 1314 193 SECUNDA,

457 246 688 296 influxum,
721 246 759 288 &
801 261 858 288 ex
900 261 963 298 eo,
996 248 1261 302 ipsissimum
1303 249 1463 303 agendi
1506 249 1717 300 ordinem,

458 315 622 356 Mentis
663 321 822 357 nostrae
873 317 1093 358 intuitioni
1140 318 1449 371 subjiciamus:
1498 318 1574 359 sed
1616 319 1719 372 quia

459 384 582 426 Ordo
613 384 685 425 ille
713 399 739 425 a
764 385 1003 426 celsissima
1027 386 1134 428 Caeli
1158 400 1267 436 arce,
1289 387 1470 440 fulguris
1492 387 1638 438 instar,
1661 387 1719 428 ad

457 453 594 494 imum
629 461 794 495 naturae
827 456 1049 508 permicat,
1076 456 1126 505 ἃ,
1157 456 1269 496 sicut
1300 456 1453 506 orbita,
1487 457 1720 509 perniciter

458 528 569 572 acta,
590 523 734 564 radios
763 524 897 577 ipsius
923 525 1039 564 visus
1062 538 1209 565 secum
1232 525 1384 574 aufert,
1409 525 1446 565 ἃ
1469 525 1720 565 discrimina

456 591 590 632 trahit
624 592 666 632 in
700 593 968 641 continuum,
991 599 1038 633 ut
1073 593 1206 634 modo
1232 607 1367 634 unum
1398 594 1435 635 ἃ
1457 600 1718 647 perpetuum

456 660 710 701 simulatum
745 661 935 712 existat;
970 662 1081 711 ideo,
1105 663 1232 702 Mens
1267 669 1344 703 tua
1379 664 1439 703 ita
1473 669 1560 704 stet
1590 676 1721 716 super

457 743 536 769 suo
573 730 758 779 cardine,
782 736 830 770 ut
857 731 900 770 in
935 736 1166 783 utramque
1198 737 1411 780 naturam,
1440 745 1516 772 seu
1551 731 1646 772 caeli
1679 731 1718 772 &

459 798 623 847 mundi,
645 798 683 838 ei
705 798 833 838 simul
855 805 1006 851 pateat
1028 799 1248 852 inspectus
1268 812 1276 839 :
1307 799 1374 840 his
1397 801 1534 849 dictis,
1550 800 1722 853 aperuit

458 866 598 917 fores;
631 867 823 919 dumque
854 866 1202 908 Adolescentula
1233 868 1598 921 circumspiceret,
1622 882 1722 909 ecce

454 936 560 988 jam,
583 935 769 985 dicebat,
790 936 1014 988 quomodo
1051 936 1222 976 Formae
1256 950 1302 976 se
1336 943 1490 977 mutuo
1522 937 1721 977 excitant

459 1004 502 1043 in
535 1010 693 1053 actum,
719 1004 863 1044 Prima
895 1018 1019 1044 suam
1052 1004 1247 1054 alteram,
1268 1005 1424 1045 Altera
1452 1005 1658 1054 Tertiam,
1682 1005 1721 1046 &

460 1072 554 1113 haec
577 1072 821 1121 Inferiores,
840 1087 980 1126 usque
996 1074 1051 1113 ad
1070 1074 1271 1114 ultimam
1296 1089 1304 1125 ;
1326 1087 1466 1127 poene
1483 1074 1594 1114 sicut
1608 1074 1725 1114 Axis

459 1148 612 1191 rotam,
637 1141 675 1181 &
697 1141 794 1183 haec
815 1156 915 1182 suas
939 1142 1173 1195 potentias,
1197 1157 1334 1196 usque
1366 1143 1421 1183 ad
1453 1143 1724 1192 novissimas,

460 1224 559 1263 quae
593 1210 789 1251 omnium
825 1211 1165 1251 exercitationes
1200 1211 1307 1251 dant
1343 1211 1386 1251 in
1417 1211 1651 1262 effectum;
1683 1211 1722 1253 81

460 1279 639 1331 quidem
680 1278 759 1318 tali
799 1279 1100 1328 unanimitate,
1143 1285 1191 1320 ut
1241 1280 1384 1332 ipsum
1432 1280 1722 1320 successivum

460 1348 503 1386 in
526 1347 925 1388 conformissimum
950 1361 1086 1388 unum
1120 1355 1276 1399 coeat3
1307 1349 1484 1389 tametsi
1515 1362 1726 1402 unaquae-

459 1416 523 1456 vis
555 1429 632 1469 per
662 1430 708 1456 se
745 1416 977 1469 agitabilis,
1013 1417 1198 1470 propriis
1235 1417 1531 1458 functionibus
1572 1423 1725 1469 vacat:

461 1484 538 1524 sed
563 1485 674 1524 sicut
703 1483 871 1525 Anima
898 1491 1043 1525 versat
1065 1499 1166 1525 suos
1188 1491 1342 1535 status,
1364 1486 1425 1526 ita
1447 1486 1575 1526 Mens
1597 1499 1724 1539 supe—

460 1553 557 1602 rior,
596 1553 698 1606 quia
729 1554 838 1603 viva,
868 1567 925 1594 ex
958 1554 1101 1607 seipsa
1130 1567 1244 1602 suos,
1280 1554 1318 1594 &
1355 1568 1412 1594 ex
1446 1553 1528 1596 hac
1565 1555 1723 1595 iterum

461 1621 645 1672 inferior,
688 1621 726 1662 81
777 1623 836 1662 sic
877 1636 1019 1675 porro,
1062 1636 1162 1663 cum
1209 1623 1421 1676 perpetua
1460 1623 1725 1664 condescen-

461 1690 620 1739 dentia,
653 1704 710 1731 eX
737 1691 832 1744 ipsa
861 1691 1181 1740 conformitate,
1216 1691 1254 1732 &
1294 1691 1423 1732 simul
1459 1705 1516 1732 ex
1555 1693 1724 1733 ratione

461 1759 748 1801 connexionis
781 1759 820 1800 &
857 1759 1062 1810 influxus,
1096 1760 1389 1800 determinata
1415 1775 1424 1812 ;
1468 1762 1723 1813 unaquaevis

461 1829 577 1869 enim
610 1829 653 1868 in
679 1830 883 1882 proxime
911 1829 1143 1882 superioris
1166 1835 1270 1870 nata
1292 1829 1329 1870 81
1351 1829 1467 1870 sacta
1489 1835 1555 1870 est
1574 1829 1726 1870 obedi—

462 1898 637 1947 entiam,
657 1898 718 1938 sic
735 1912 887 1939 omnes
910 1899 952 1939 in
971 1905 1127 1939 nutum
1145 1897 1183 1939 81
1203 1898 1462 1952 obsequium
1484 1898 1724 1951 Supremae,

462 1980 561 2019 quae
584 1966 626 2006 in
648 1967 852 2007 omnibus
873 1967 965 2020 agit
987 1981 1118 2008 omne
1140 1966 1178 2007 ἃ
1201 1968 1389 2008 unicum.

519 2036 585 2087 98.
621 2035 709 2075 Hic
725 2035 818 2088 jam
841 2042 907 2077 est
930 2036 1064 2087 Ordo,
1087 2037 1237 2090 inquit,
1261 2050 1287 2077 a
1314 2035 1530 2090 Supremo
1558 2036 1723 2078 instau-

463 2110 592 2153 ratus,
615 2103 653 2144 &
676 2104 733 2144 ab
754 2104 922 2145 Amore
943 2105 1036 2158 ejus
1058 2105 1101 2145 in
1124 2111 1270 2146 actum
1298 2104 1627 2155 determinatus,
1651 2105 1720 2146 cui

464 2172 570 2213 nihil
593 2173 674 2213 nisi
697 2187 829 2226 quam
855 2174 1078 2224 Divinum,
1102 2175 1364 2228 Perpetuum
1397 2188 1447 2214 ac
1479 2173 1721 2223 Infinitum,

463 2242 602 2292 inest;
634 2255 735 2282 nam
757 2242 897 2295 qualis
919 2249 984 2283 est
1006 2243 1048 2283 in
1081 2243 1183 2296 Ipso
1212 2242 1440 2296 Supremo,
1465 2242 1503 2284 &
1536 2243 1578 2283 in
1611 2242 1721 2295 Ejus

467 2311 721 2363 Unigenito‚
743 2311 842 2352 talis
862 2318 927 2352 est
949 2312 992 2352 in
1014 2325 1093 2352 suo
1116 2312 1230 2362 orbe,
1254 2312 1327 2365 qui
1359 2317 1524 2352 aeterno
1555 2325 1665 2366 gyro
1697 2325 1723 2352 a
