1783 2760
365 155 444 189 DE
474 153 749 188 JNFANTJA
786 153 1170 187 PRJMOGENJTJ.
1354 161 1399 197 79

142 259 318 302 cretam,
340 266 426 292 non
458 258 505 292 ut
534 251 703 298 solium,
725 250 801 290 sed
833 255 881 290 ut
912 249 1176 298 subsellium,
1201 250 1399 290 mihimet

143 321 288 373 selegi,
311 321 393 361 hoc
416 321 513 360 ideo
534 320 684 359 vocavi
711 318 971 359 Cerebellmn.
1020 318 1089 358 Ita
1109 319 1265 367 videte,
1290 333 1398 359 meze

145 389 279 439 Filiae,
297 390 461 442 quanta
479 402 556 428 vos
574 386 734 428 ambivi
755 386 940 426 sollicita
961 388 1073 426 cura.
1117 385 1204 426 Sed
1226 393 1400 439 tempus

145 464 248 505 erat,
272 464 319 497 ut
340 471 365 497 a
387 471 432 497 se
454 463 606 496 mutuo
635 455 896 503 recederent,
918 454 956 495 ἃ
986 454 1293 507 Intelligentiae
1320 456 1400 495 sibi

145 526 328 566 traditas
355 530 628 578 capesserent
656 523 877 573 habenas;
931 523 1007 564 Sol
1036 524 1169 563 etiam
1197 538 1402 576 supremo

146 594 281 634 limbo
313 600 403 634 erat
436 594 478 632 in
510 607 587 633 suo
619 599 727 642 ortu,
759 606 809 632 ac
842 591 1124 632 Sensationes
1157 593 1400 646 expergisci

147 668 384 715 coeperunt.

206 739 270 781 51,
303 730 533 783 Sapientes
549 729 616 769 hae
633 729 952 782 Intelligentiae,
969 743 994 769 a
1013 729 1166 769 Matris
1183 743 1272 770 suae
1292 729 1402 770 ulnis

147 799 519 851 divulsae,junctis
551 798 708 851 palmis
738 798 776 838 &
808 799 942 838 citato
973 798 1125 851 gradu,
1150 799 1191 838 in
1227 798 1402 839 Curiam

147 882 270 909 suam
294 882 339 908 se
362 867 627 916 inferebant;
660 867 732 906 ubi
762 867 944 907 Divinos
974 866 1011 906 &
1041 867 1248 920 superbos
1269 882 1404 920 appa-

148 943 277 985 ratus,
313 942 444 988 atque
481 934 773 988 magnificum,
808 949 945 988 usque
978 935 1059 975 sub
1089 936 1192 975 tecti
1228 935 1405 976 lacunar

149 1006 377 1054 elevatum,
394 1004 573 1053 Solium,
590 1018 685 1043 cum
708 1004 889 1056 Sceptro
913 1004 949 1043 ἃ
976 1004 1223 1056 Insignibus
1248 1005 1404 1057 Regni,

149 1074 192 1113 in
245 1073 363 1114 Sella
405 1073 604 1121 eburnea,
649 1073 858 1124 repositis,
901 1072 1254 1124 conspiciebant;
1306 1086 1404 1125 quae

151 1142 287 1182 avidis
310 1141 347 1180 δε
370 1141 504 1181 oculis
523 1140 560 1180 δε
579 1141 791 1189 manibus,
810 1140 910 1180 inde
927 1146 1149 1189 serenatae,
1166 1148 1406 1181 contrecta-

150 1211 267 1251 bant.
307 1210 358 1249 In
379 1210 523 1249 medio
546 1215 636 1249 erat
660 1209 812 1257 Focus,
831 1210 872 1248 in
892 1222 977 1261 quo
996 1208 1173 1249 flamma
1196 1209 1237 1248 in
1261 1210 1406 1262 plures

151 1280 290 1319 divisa
319 1278 444 1325 faces,
474 1291 647 1329 prorsus
679 1277 734 1316 ad
767 1291 914 1317 earum
946 1284 1245 1318 transcensum
1278 1292 1407 1331 super

151 1348 312 1396 limina,
342 1346 430 1386 alte
463 1345 788 1396 effulminabat;
820 1347 910 1398 ipse
940 1346 1091 1395 Focus,
1115 1347 1408 1387 adamantinis

151 1415 318 1455 circulis
349 1414 386 1454 &
414 1414 641 1466 torquibus
673 1427 776 1453 auro
809 1414 971 1466 obryzo
1003 1415 1284 1465 circumfusis,
1307 1429 1409 1455 con-

151 1489 350 1532 structus,
386 1482 423 1523 St
457 1496 534 1534 per
566 1483 819 1522 flammeum
853 1483 999 1535 ignem
1034 1483 1075 1522 in
1115 1497 1267 1523 aurum
1305 1484 1409 1524 ada·

152 1552 396 1592 mantinum
437 1551 559 1603 quasi
602 1550 826 1599 conflatus,
862 1551 1162 1602 transmicuit;
1209 1553 1309 1592 inde
1346 1553 1409 1592 in-

153 1619 455 1667 numerabiles,
507 1619 746 1658 secundum
807 1619 995 1671 cujusvis
1044 1619 1156 1659 oculi
1205 1614 1409 1672 positum,

153 1688 461 1728 eradiabantur
501 1687 694 1737 colores;
747 1689 864 1739 quod
906 1688 1036 1727 etiam
1080 1688 1122 1727 in
1169 1690 1410 1741 unaquavis

153 1757 355 1809 apparuit
385 1755 690 1808 Intelligentia,
721 1769 821 1795 nam
850 1757 1047 1796 similiter
1074 1770 1131 1796 ex
1158 1771 1408 1809 repercussu

155 1825 452 1873 coruscabant,
481 1824 518 1864 Sc
552 1824 934 1877 florescebantm).
1000 1825 1083 1864 His
1114 1826 1224 1873 visis,
1250 1826 1410 1867 Divino

155 1894 391 1945 perstrictae
414 1900 601 1946 stupore,
623 1906 726 1932 num
747 1907 792 1932 se
815 1907 837 1932 e
861 1893 1063 1945 Corporis
1092 1895 1156 1934 sui
1185 1894 1281 1934 telis
1310 1909 1411 1935 evo-

155 1962 278 2013 lutas,
302 1968 378 2002 aut
399 1976 529 2015 supra
552 1975 597 2001 se
620 1968 765 2014 raptas
787 1975 890 2010 esse,
915 1962 1177 2011 nesciebant,
1200 1963 1300 2002 hinc
1323 1977 1411 2003 non

204 2045 268 2090 (m)
289 2046 387 2089 Quid
410 2046 510 2090 Ignis
526 2057 608 2080 cum
623 2045 689 2079 sua
703 2046 863 2089 flamma,
876 2046 964 2090 quid
980 2047 1100 2081 Focus
1115 2058 1198 2081 cum
1213 2048 1413 2082 adamante

156 2102 188 2136 &
206 2114 304 2143 auro,
317 2102 349 2136 δε
367 2102 465 2146 quod
483 2109 677 2147 utrumque
696 2113 759 2146 per
777 2102 1117 2137 transmicationem
1137 2103 1234 2137 illius
1253 2104 1359 2147 ignis,
1374 2105 1411 2138 in

156 2168 285 2191 aurum
302 2157 585 2191 adamantinum
607 2157 714 2201 quasi
742 2157 941 2190 conflatum
967 2157 1025 2201 sit,
1043 2163 1121 2191 tum
1146 2158 1234 2202 quid
1262 2159 1412 2192 Colores

156 2212 242 2246 inde
260 2212 423 2255 eradiati,
438 2223 520 2245 cum
534 2211 664 2255 jubare
682 2222 746 2255 per
762 2222 1028 2255 repercussum,
1040 2212 1077 2245 in
1092 2212 1254 2256 qualibet
1275 2213 1412 2246 Intelli-

155 2267 290 2311 genna,
303 2267 505 2302 secundum
519 2267 691 2311 positum,
703 2266 856 2309 variato,
869 2266 901 2300 δε
914 2266 1029 2310 plura,
1042 2266 1136 2300 infra
1152 2267 1412 2312 explicandum

157 2330 265 2357 vemt.
