1783 2760
524 150 602 184 DE
634 150 833 185 AMORE
866 150 1250 186 PRMIOGENJTI.
1452 160 1516 195 139

258 249 401 297 Curia,
437 248 537 302 igne
572 262 651 289 suo
688 255 900 302 perpetuo
934 249 1056 288 vivus
1092 247 1130 289 &
1167 248 1434 301 flagrans(l),
1468 254 1515 288 ut

254 317 444 357 consiliis
481 317 616 357 nostri
655 316 910 357 Intellectus
946 316 1155 357 continuo
1196 316 1442 369 praeluceat,
1475 316 1513 356 ἃ

255 385 432 426 ardores
467 391 628 425 nostrae
664 385 918 426 Voluntatis
951 385 1228 435 moderetur3
1273 385 1512 433 viderasne‚

253 460 467 505 quantum
509 453 732 494 lacunaria
767 453 805 493 ἃ
841 459 958 493 tecta
992 459 1152 493 nostrae
1191 453 1334 494 Curiae
1370 453 1425 493 ab
1461 467 1514 493 eo

252 521 445 575 fulgent;
480 522 517 562 &
552 522 692 575 qualis
725 521 867 575 caligo
899 535 949 562 ac
985 522 1171 575 torpedo
1204 535 1283 561 nos
1315 528 1513 574 occupat,

251 603 304 630 eo
344 591 687 631 semiexstincto.
762 590 886 643 Ignis
923 590 1002 639 ille,
1046 596 1330 643 repraesentat
1368 590 1511 643 ipsum

250 658 464 699 Amorem
482 673 491 709 ;
532 659 645 712 Ejus
673 659 803 699 Faces
835 660 879 700 ἃ
909 659 1127 706 Flammce,
1161 659 1254 712 ipsa
1286 672 1407 699 sacra
1441 659 1513 698 In—

249 728 404 768 cendia
423 734 669 768 nostrorum
686 728 1036 768 Desideriorum:
1065 726 1366 781 Circzmy'ectus
1378 727 1514 767 Focus

247 809 300 835 ex
312 796 609 836 adanmntz'nis
626 795 663 838 C
663 796 810 836 irculis
827 797 870 837 &⁴
892 796 1128 849 Torquz'bus
1142 803 1411 845 construam,
1426 797 1511 836 Ve-

248 863 410 913 ritates,
426 878 477 904 ac
498 864 668 905 illarum
693 865 1025 917 Intelligentias‚
1041 878 1138 917 quae
1156 865 1268 905 sicut
1287 864 1511 917 Nymphae

248 933 453 973 Vestales
481 934 626 987 ignem
659 934 939 974 custodiunt:
988 934 1162 973 Aurum
1196 933 1408 986 obryzum,
1432 947 1512 986 quo

235 1001 400 1053 focales
429 1001 580 1042 circuli
607 1002 863 1054 circumfusi
888 1008 1000 1051 sunt,
1024 1002 1263 1051 Bonitates‚
1285 1001 1323 1042 ἃ
1354 1001 1509 1042 harum

249 1070 509 1123 Sapientias,
549 1084 628 1111 nos
665 1071 780 1111 enim
818 1070 1016 1111 flamines
1054 1070 1091 1111 ἃ
1133 1071 1343 1111 antistitae
1385 1084 1512 1124 nym-

246 1138 432 1192 pharum
462 1139 585 1180 istius
618 1146 752 1180 vestae
787 1153 965 1180 sumus:
1021 1139 1147 1190 Quod
1176 1140 1309 1179 Focus
1340 1139 1411 1179 ille
1430 1147 1513 1192 per

235 1206 491 1260 flammeum
533 1207 673 1260 ignem
716 1209 760 1247 in
801 1208 978 1248 Aurum
1014 1208 1141 1261 quasi
1177 1208 1509 1248 adamantinum

242 1276 448 1329 conflatus
465 1276 673 1325 videatur,
690 1276 906 1329 significat
923 1276 1233 1330 pellucentiam
1254 1277 1508 1317 Bonitatum

244 1358 322 1397 per
336 1345 566 1393 Veritates,
586 1345 623 1386 ἃ
642 1346 742 1386 inde
762 1346 1052 1386 Harmoniam
1070 1360 1120 1386 ac
1140 1346 1363 1387 Unionem
1381 1346 1508 1386 unius

245 1412 284 1453 ἃ
307 1413 482 1454 alterius
501 1427 508 1454 :
558 1413 684 1464 Quod
704 1414 1036 1454 innumerabiles
1062 1414 1312 1455 eradientur
1334 1414 1507 1463 Colores,

243 1487 344 1522 sunt
368 1482 674 1535 Perceptiones
694 1483 796 1523 Veri
818 1497 874 1523 ex
891 1483 1020 1530 bono,
1038 1497 1089 1523 ac
1112 1483 1220 1523 Boni
1240 1497 1316 1536 per
1331 1497 1479 1523 verum
1498 1496 1507 1531 ;

242 1563 377 1603 quare
399 1551 531 1591 etiam
559 1551 619 1591 illi
654 1552 819 1593 Colores
850 1552 895 1592 in
928 1551 1172 1605 ztnchudvz's
1200 1552 1502 1605 Intellzgentz'd,

240 1620 467 1660 secundum
488 1620 678 1673 czcjusvz's
698 1621 809 1660 oculi
818 1621 1007 1673 positum
1024 1616 1252 1673 apparenn·
1284 1635 1387 1661 nam
1411 1622 1506 1661 Nos

243 1689 554 1742 Intelligentiae
571 1689 609 1730 ἃ
627 1689 867 1743 Sapientiae
881 1703 967 1730 non
986 1703 1160 1742 prorsus
1175 1690 1338 1730 similes
1355 1704 1505 1731 sumus

241 1757 362 1807 facie,
386 1758 423 1798 ἃ
452 1758 581 1798 simili
612 1758 777 1798 indutae
807 1771 998 1811 corpore,
1024 1759 1099 1799 sed
1130 1772 1207 1812 per
1234 1759 1503 1807 societatem,

241 1826 284 1866 in
307 1840 438 1879 quam
462 1828 555 1867 Nos
578 1841 654 1880 per
676 1827 890 1867 Amorem
913 1827 1181 1880 copulamur,
1202 1841 1338 1867 unum
1369 1827 1504 1868 Intel-

241 1894 414 1945 lectum,
439 1895 477 1936 &
506 1909 639 1936 unam
660 1895 962 1944 Voluntatem,
985 1895 1023 1936 ἃ
1051 1896 1112 1936 sic
1139 1901 1260 1936 tuam
1292 1896 1501 1946 Mentem,

240 1964 571 2005 constituimus:
621 1964 742 2004 Nihil
779 1965 894 2004 enim
932 1978 1115 2017 usquam
1153 1965 1196 2004 in
1227 1965 1379 2014 Nobis,
1412 1966 1500 2006 imo

240 2044 320 2072 nec
355 2032 397 2072 in
435 2045 576 2073 rerum
612 2034 778 2081 natura,
813 2032 965 2073 Unum
1003 2032 1142 2083 datur,
1173 2034 1290 2086 quod
1323 2047 1410 2074 non
1442 2047 1499 2074 ex

289 2149 335 2193 (l)
364 2150 484 2184 Focus
517 2149 577 2184 hic
611 2161 694 2184 cum
729 2160 794 2183 suo
827 2150 928 2194 Igne,
957 2150 1160 2195 Apparatu,
1189 2162 1233 2185 ac
1264 2150 1498 2195 Radiatione,

240 2215 361 2249 supra,
380 2216 468 2238 num
485 2217 492 2239 :
534 2213 572 2249 51
596 2205 801 2250 descriptus
820 2211 887 2248 est,
904 2205 966 2239 ubi
984 2206 1219 2250 promissum,
1236 2212 1275 2241 ut
1293 2206 1497 2250 symbolica

239 2259 317 2303 ejus
342 2259 631 2304 explicarentur;
663 2261 722 2295 hic
745 2260 825 2305 jam
849 2261 964 2295 habes
990 2261 1352 2306 interpretationem3
1383 2272 1496 2307 quare

239 2314 340 2349 locus
358 2315 428 2358 ille,
447 2315 477 2349 si
495 2315 618 2358 libeat,
637 2316 737 2360 prius
755 2316 976 2350 consulatur.
