<?xml version="1.0" encoding="UTF-8"?>
<!DOCTYPE html PUBLIC "-//W3C//DTD XHTML 1.0 Transitional//EN"
    "http://www.w3.org/TR/xhtml1/DTD/xhtml1-transitional.dtd">
<html xmlns="http://www.w3.org/1999/xhtml" xml:lang="en" lang="en">
 <head>
  <title>
</title>
<meta http-equiv="Content-Type" content="text/html;charset=utf-8" />
  <meta name='ocr-system' content='tesseract 3.04.00' />
  <meta name='ocr-capabilities' content='ocr_page ocr_carea ocr_par ocr_line ocrx_word'/>
</head>
<body>
  <div class='ocr_page' id='page_1' title='image "./parsprimadecultu00swed_0149.png"; bbox 0 0 1783 2760; ppageno 0'>
   <div class='ocr_carea' id='block_1_1' title="bbox 0 0 37 2760">
    <p class='ocr_par' dir='ltr' id='par_1_1' title="bbox 0 0 37 2760">
     <span class='ocr_line' id='line_1_1' title="bbox 0 0 37 2760; baseline 0 0"><span class='ocrx_word' id='word_1_1' title='bbox 0 0 37 2760; x_wconf 95' lang='lat' dir='ltr'> </span> 
     </span>
    </p>
   </div>
   <div class='ocr_carea' id='block_1_2' title="bbox 506 132 1503 181">
    <p class='ocr_par' dir='ltr' id='par_1_2' title="bbox 506 132 1503 181">
     <span class='ocr_line' id='line_1_2' title="bbox 506 132 1503 181; baseline -0.004 -7"><span class='ocrx_word' id='word_1_2' title='bbox 506 135 583 170; x_wconf 85' lang='lat' dir='ltr'>DE</span> <span class='ocrx_word' id='word_1_3' title='bbox 616 132 738 181; x_wconf 66' lang='lat' dir='ltr'>AMQ</span> <span class='ocrx_word' id='word_1_4' title='bbox 748 137 816 174; x_wconf 71' lang='lat' dir='ltr'>RE</span> <span class='ocrx_word' id='word_1_5' title='bbox 849 137 1238 172; x_wconf 78' lang='lat' dir='ltr'><em>PRIMOGENJTJ.</em></span> <span class='ocrx_word' id='word_1_6' title='bbox 1440 144 1503 180; x_wconf 89' lang='lat'>137</span> 
     </span>
    </p>
   </div>
   <div class='ocr_carea' id='block_1_3' title="bbox 245 233 1509 1588">
    <p class='ocr_par' dir='ltr' id='par_1_3' title="bbox 245 233 1509 1588">
     <span class='ocr_line' id='line_1_3' title="bbox 246 233 1507 285; baseline -0.003 -8"><span class='ocrx_word' id='word_1_7' title='bbox 246 250 354 285; x_wconf 90' lang='lat' dir='ltr'>mus,</span> <span class='ocrx_word' id='word_1_8' title='bbox 378 234 478 276; x_wconf 93' lang='lat' dir='ltr'>inde</span> <span class='ocrx_word' id='word_1_9' title='bbox 510 233 700 275; x_wconf 63' lang='lat' dir='ltr'>Laetitiae</span> <span class='ocrx_word' id='word_1_10' title='bbox 730 241 902 284; x_wconf 83' lang='lat' dir='ltr'>nostrae,</span> <span class='ocrx_word' id='word_1_11' title='bbox 928 235 1060 275; x_wconf 83' lang='lat' dir='ltr'>Risus</span> <span class='ocrx_word' id='word_1_12' title='bbox 1094 235 1132 276; x_wconf 66' lang='grc' dir='ltr'>ἃ</span> <span class='ocrx_word' id='word_1_13' title='bbox 1168 233 1507 284; x_wconf 86' lang='lat' dir='ltr'>Exultationes;</span> 
     </span>
     <span class='ocr_line' id='line_1_4' title="bbox 247 302 1508 356; baseline -0.002 -11"><span class='ocrx_word' id='word_1_14' title='bbox 247 306 335 345; x_wconf 92' lang='lat' dir='ltr'>imo</span> <span class='ocrx_word' id='word_1_15' title='bbox 364 303 466 344; x_wconf 91' lang='lat' dir='ltr'>inde</span> <span class='ocrx_word' id='word_1_16' title='bbox 498 302 637 342; x_wconf 89' lang='lat' dir='ltr'>mutui</span> <span class='ocrx_word' id='word_1_17' title='bbox 672 303 853 353; x_wconf 81' lang='lat' dir='ltr'>favores,</span> <span class='ocrx_word' id='word_1_18' title='bbox 877 303 915 343; x_wconf 84' lang='lat'>&amp;</span> <span class='ocrx_word' id='word_1_19' title='bbox 949 304 1127 356; x_wconf 79' lang='lat' dir='ltr'>gratiae:</span> <span class='ocrx_word' id='word_1_20' title='bbox 1159 303 1193 342; x_wconf 90' lang='lat' dir='ltr'>si</span> <span class='ocrx_word' id='word_1_21' title='bbox 1227 316 1329 343; x_wconf 88' lang='lat' dir='ltr'>vero</span> <span class='ocrx_word' id='word_1_22' title='bbox 1363 302 1508 342; x_wconf 87' lang='lat' dir='ltr'>Amor</span> 
     </span>
     <span class='ocr_line' id='line_1_5' title="bbox 247 370 1505 424; baseline -0.003 -10"><span class='ocrx_word' id='word_1_23' title='bbox 247 379 394 414; x_wconf 90' lang='lat' dir='ltr'>noster</span> <span class='ocrx_word' id='word_1_24' title='bbox 408 371 536 410; x_wconf 90' lang='lat' dir='ltr'>minis</span> <span class='ocrx_word' id='word_1_25' title='bbox 550 374 627 410; x_wconf 75' lang='lat' dir='ltr'>aut</span> <span class='ocrx_word' id='word_1_26' title='bbox 640 372 681 412; x_wconf 89' lang='lat' dir='ltr'>vi</span> <span class='ocrx_word' id='word_1_27' title='bbox 696 372 991 424; x_wconf 86' lang='lat' dir='ltr'>impugnatur,</span> <span class='ocrx_word' id='word_1_28' title='bbox 1003 371 1117 411; x_wconf 90' lang='lat' dir='ltr'>illico</span> <span class='ocrx_word' id='word_1_29' title='bbox 1133 370 1505 419; x_wconf 86' lang='lat' dir='ltr'>excandescimus,</span> 
     </span>
     <span class='ocr_line' id='line_1_6' title="bbox 247 438 1505 494; baseline -0.003 -11"><span class='ocrx_word' id='word_1_30' title='bbox 247 441 286 483; x_wconf 72' lang='grc' dir='ltr'>ἃ</span> <span class='ocrx_word' id='word_1_31' title='bbox 315 455 400 492; x_wconf 91' lang='lat' dir='ltr'>eos,</span> <span class='ocrx_word' id='word_1_32' title='bbox 421 440 494 494; x_wconf 84' lang='lat' dir='ltr'>qui</span> <span class='ocrx_word' id='word_1_33' title='bbox 524 438 799 494; x_wconf 72' lang='lat' dir='ltr'>impugnant,</span> <span class='ocrx_word' id='word_1_34' title='bbox 822 440 949 480; x_wconf 89' lang='lat' dir='ltr'>sicuti</span> <span class='ocrx_word' id='word_1_35' title='bbox 976 439 1137 488; x_wconf 90' lang='lat' dir='ltr'>hostes,</span> <span class='ocrx_word' id='word_1_36' title='bbox 1166 440 1377 480; x_wconf 76' lang='lat' dir='ltr'>instructa</span> <span class='ocrx_word' id='word_1_37' title='bbox 1403 439 1505 488; x_wconf 90' lang='lat' dir='ltr'>acie,</span> 
     </span>
     <span class='ocr_line' id='line_1_7' title="bbox 245 507 1506 564; baseline -0.002 -13"><span class='ocrx_word' id='word_1_38' title='bbox 245 510 539 564; x_wconf 81' lang='lat' dir='ltr'>aggredimur,</span> <span class='ocrx_word' id='word_1_39' title='bbox 581 509 682 549; x_wconf 93' lang='lat' dir='ltr'>inde</span> <span class='ocrx_word' id='word_1_40' title='bbox 733 514 893 549; x_wconf 83' lang='lat' dir='ltr'>nostrae</span> <span class='ocrx_word' id='word_1_41' title='bbox 946 508 1290 561; x_wconf 85' lang='lat' dir='ltr'>Indignationes,</span> <span class='ocrx_word' id='word_1_42' title='bbox 1333 507 1427 556; x_wconf 82' lang='lat' dir='ltr'>Irae,</span> <span class='ocrx_word' id='word_1_43' title='bbox 1467 507 1506 548; x_wconf 65' lang='grc' dir='ltr'>ἃ</span> 
     </span>
     <span class='ocr_line' id='line_1_8' title="bbox 248 576 1506 628; baseline -0.003 -9"><span class='ocrx_word' id='word_1_44' title='bbox 248 580 455 620; x_wconf 85' lang='lat' dir='ltr'>Furores:</span> <span class='ocrx_word' id='word_1_45' title='bbox 495 577 564 618; x_wconf 88' lang='lat' dir='ltr'>vel</span> <span class='ocrx_word' id='word_1_46' title='bbox 600 577 732 626; x_wconf 90' lang='lat' dir='ltr'>enim,</span> <span class='ocrx_word' id='word_1_47' title='bbox 761 577 1002 617; x_wconf 89' lang='lat' dir='ltr'>secundum</span> <span class='ocrx_word' id='word_1_48' title='bbox 1033 577 1281 625; x_wconf 80' lang='lat' dir='ltr'><strong>discrimen,</strong></span> <span class='ocrx_word' id='word_1_49' title='bbox 1312 576 1355 615; x_wconf 92' lang='lat' dir='ltr'>in</span> <span class='ocrx_word' id='word_1_50' title='bbox 1387 576 1506 628; x_wconf 91' lang='lat' dir='ltr'>quod</span> 
     </span>
     <span class='ocr_line' id='line_1_9' title="bbox 246 644 1506 698; baseline -0.002 -11"><span class='ocrx_word' id='word_1_51' title='bbox 246 647 390 687; x_wconf 88' lang='lat' dir='ltr'>Amor</span> <span class='ocrx_word' id='word_1_52' title='bbox 416 652 564 686; x_wconf 91' lang='lat' dir='ltr'>noster</span> <span class='ocrx_word' id='word_1_53' title='bbox 590 645 831 698; x_wconf 88' lang='lat' dir='ltr'>conjicitur,</span> <span class='ocrx_word' id='word_1_54' title='bbox 861 646 1025 685; x_wconf 80' lang='lat' dir='ltr'>micant</span> <span class='ocrx_word' id='word_1_55' title='bbox 1050 646 1186 685; x_wconf 77' lang='lat' dir='ltr'>nostri</span> <span class='ocrx_word' id='word_1_56' title='bbox 1214 646 1345 694; x_wconf 80' lang='lat' dir='ltr'>sinus,</span> <span class='ocrx_word' id='word_1_57' title='bbox 1368 644 1506 698; x_wconf 90' lang='lat' dir='ltr'>palpi-</span> 
     </span>
     <span class='ocr_line' id='line_1_10' title="bbox 246 712 1506 768; baseline -0.002 -12"><span class='ocrx_word' id='word_1_58' title='bbox 246 721 343 756; x_wconf 93' lang='lat' dir='ltr'>tant</span> <span class='ocrx_word' id='word_1_59' title='bbox 378 714 627 768; x_wconf 64' lang='lat' dir='ltr'>praecordha,</span> <span class='ocrx_word' id='word_1_60' title='bbox 660 714 791 754; x_wconf 88' lang='lat' dir='ltr'>currit</span> <span class='ocrx_word' id='word_1_61' title='bbox 822 727 899 766; x_wconf 90' lang='lat' dir='ltr'>per</span> <span class='ocrx_word' id='word_1_62' title='bbox 929 727 1027 754; x_wconf 91' lang='lat' dir='ltr'>ossa</span> <span class='ocrx_word' id='word_1_63' title='bbox 1058 714 1229 766; x_wconf 84' lang='lat' dir='ltr'>gelidus</span> <span class='ocrx_word' id='word_1_64' title='bbox 1260 720 1432 762; x_wconf 87' lang='lat' dir='ltr'>tremor,</span> <span class='ocrx_word' id='word_1_65' title='bbox 1467 712 1506 754; x_wconf 68' lang='lat'>81</span> 
     </span>
     <span class='ocr_line' id='line_1_11' title="bbox 249 781 1507 835; baseline -0.002 -11"><span class='ocrx_word' id='word_1_66' title='bbox 249 784 392 832; x_wconf 86' lang='lat' dir='ltr'>Mens,</span> <span class='ocrx_word' id='word_1_67' title='bbox 414 789 626 835; x_wconf 80' lang='lat' dir='ltr'>tanquam</span> <span class='ocrx_word' id='word_1_68' title='bbox 658 782 822 822; x_wconf 91' lang='lat' dir='ltr'>obortis</span> <span class='ocrx_word' id='word_1_69' title='bbox 853 781 1056 831; x_wconf 88' lang='lat' dir='ltr'>tenebris,</span> <span class='ocrx_word' id='word_1_70' title='bbox 1085 782 1374 830; x_wconf 85' lang='lat' dir='ltr'>exanimatur,</span> <span class='ocrx_word' id='word_1_71' title='bbox 1405 782 1507 822; x_wconf 90' lang='lat' dir='ltr'>inde</span> 
     </span>
     <span class='ocr_line' id='line_1_12' title="bbox 247 849 1507 900; baseline -0.002 -7"><span class='ocrx_word' id='word_1_72' title='bbox 247 852 383 893; x_wconf 83' lang='lat' dir='ltr'>nostri</span> <span class='ocrx_word' id='word_1_73' title='bbox 412 852 625 900; x_wconf 82' lang='lat' dir='ltr'>Timores,</span> <span class='ocrx_word' id='word_1_74' title='bbox 649 851 867 900; x_wconf 89' lang='lat' dir='ltr'>Terrores,</span> <span class='ocrx_word' id='word_1_75' title='bbox 888 851 1109 899; x_wconf 81' lang='lat' dir='ltr'>Tristitiae,</span> <span class='ocrx_word' id='word_1_76' title='bbox 1139 851 1317 900; x_wconf 88' lang='lat' dir='ltr'>Luctus,</span> <span class='ocrx_word' id='word_1_77' title='bbox 1347 849 1385 890; x_wconf 86' lang='lat'>&amp;</span> <span class='ocrx_word' id='word_1_78' title='bbox 1414 850 1507 890; x_wconf 91' lang='lat' dir='ltr'>Do-</span> 
     </span>
     <span class='ocr_line' id='line_1_13' title="bbox 246 918 1506 972; baseline -0.002 -11"><span class='ocrx_word' id='word_1_79' title='bbox 246 921 383 961; x_wconf 90' lang='lat' dir='ltr'>lores:</span> <span class='ocrx_word' id='word_1_80' title='bbox 425 920 536 960; x_wconf 85' lang='lat' dir='ltr'>Mox</span> <span class='ocrx_word' id='word_1_81' title='bbox 557 933 659 960; x_wconf 86' lang='lat' dir='ltr'>vero</span> <span class='ocrx_word' id='word_1_82' title='bbox 682 920 787 959; x_wconf 89' lang='lat' dir='ltr'>dum</span> <span class='ocrx_word' id='word_1_83' title='bbox 811 919 934 971; x_wconf 80' lang='lat' dir='ltr'>quasi</span> <span class='ocrx_word' id='word_1_84' title='bbox 957 933 1034 972; x_wconf 92' lang='lat' dir='ltr'>per</span> <span class='ocrx_word' id='word_1_85' title='bbox 1055 919 1302 968; x_wconf 79' lang='lat' dir='ltr'>fenestram,</span> <span class='ocrx_word' id='word_1_86' title='bbox 1325 918 1506 959; x_wconf 89' lang='lat' dir='ltr'>Amoris</span> 
     </span>
     <span class='ocr_line' id='line_1_14' title="bbox 246 987 1508 1041; baseline -0.002 -11"><span class='ocrx_word' id='word_1_87' title='bbox 246 989 381 1030; x_wconf 82' lang='lat' dir='ltr'>nostri</span> <span class='ocrx_word' id='word_1_88' title='bbox 404 1001 627 1029; x_wconf 89' lang='lat' dir='ltr'>accessum</span> <span class='ocrx_word' id='word_1_89' title='bbox 649 994 725 1028; x_wconf 89' lang='lat' dir='ltr'>aut</span> <span class='ocrx_word' id='word_1_90' title='bbox 747 988 949 1036; x_wconf 89' lang='lat' dir='ltr'>reditum,</span> <span class='ocrx_word' id='word_1_91' title='bbox 974 1001 997 1027; x_wconf 90' lang='lat' dir='ltr'>e</span> <span class='ocrx_word' id='word_1_92' title='bbox 1020 987 1273 1041; x_wconf 82' lang='lat' dir='ltr'>longinquo,</span> <span class='ocrx_word' id='word_1_93' title='bbox 1293 988 1508 1041; x_wconf 91' lang='lat' dir='ltr'>conspici-</span> 
     </span>
     <span class='ocr_line' id='line_1_15' title="bbox 247 1055 1504 1109; baseline -0.001 -11"><span class='ocrx_word' id='word_1_94' title='bbox 247 1071 354 1106; x_wconf 86' lang='lat' dir='ltr'>mus,</span> <span class='ocrx_word' id='word_1_95' title='bbox 378 1058 534 1098; x_wconf 89' lang='lat' dir='ltr'>iterum</span> <span class='ocrx_word' id='word_1_96' title='bbox 557 1055 668 1096; x_wconf 91' lang='lat' dir='ltr'>redit</span> <span class='ocrx_word' id='word_1_97' title='bbox 690 1056 829 1104; x_wconf 91' lang='lat' dir='ltr'>Mens,</span> <span class='ocrx_word' id='word_1_98' title='bbox 851 1069 901 1095; x_wconf 90' lang='lat' dir='ltr'>ac</span> <span class='ocrx_word' id='word_1_99' title='bbox 922 1055 1028 1096; x_wconf 87' lang='lat' dir='ltr'>Vita</span> <span class='ocrx_word' id='word_1_100' title='bbox 1052 1056 1225 1106; x_wconf 90' lang='lat' dir='ltr'>Mentis,</span> <span class='ocrx_word' id='word_1_101' title='bbox 1249 1056 1287 1096; x_wconf 83' lang='lat'>&amp;</span> <span class='ocrx_word' id='word_1_102' title='bbox 1311 1057 1504 1109; x_wconf 89' lang='lat' dir='ltr'>quodam</span> 
     </span>
     <span class='ocr_line' id='line_1_16' title="bbox 246 1123 1507 1179; baseline -0.002 -12"><span class='ocrx_word' id='word_1_103' title='bbox 246 1126 409 1179; x_wconf 85' lang='lat' dir='ltr'>gaudio</span> <span class='ocrx_word' id='word_1_104' title='bbox 431 1124 640 1165; x_wconf 86' lang='lat' dir='ltr'>scintillat</span> <span class='ocrx_word' id='word_1_105' title='bbox 668 1124 761 1177; x_wconf 87' lang='lat' dir='ltr'>ipse</span> <span class='ocrx_word' id='word_1_106' title='bbox 782 1124 926 1173; x_wconf 89' lang='lat' dir='ltr'>Visus,</span> <span class='ocrx_word' id='word_1_107' title='bbox 948 1125 1065 1164; x_wconf 87' lang='lat' dir='ltr'>unde</span> <span class='ocrx_word' id='word_1_108' title='bbox 1094 1123 1218 1178; x_wconf 85' lang='lat' dir='ltr'>Spes,</span> <span class='ocrx_word' id='word_1_109' title='bbox 1240 1138 1327 1177; x_wconf 89' lang='lat' dir='ltr'>qua</span> <span class='ocrx_word' id='word_1_110' title='bbox 1356 1125 1507 1166; x_wconf 91' lang='lat' dir='ltr'>lactari</span> 
     </span>
     <span class='ocr_line' id='line_1_17' title="bbox 247 1193 1508 1242; baseline 0 -8"><span class='ocrx_word' id='word_1_111' title='bbox 247 1194 464 1235; x_wconf 90' lang='lat' dir='ltr'>solemus:</span> <span class='ocrx_word' id='word_1_112' title='bbox 513 1193 671 1241; x_wconf 87' lang='lat' dir='ltr'>Verbo,</span> <span class='ocrx_word' id='word_1_113' title='bbox 705 1206 858 1232; x_wconf 92' lang='lat' dir='ltr'>omnes</span> <span class='ocrx_word' id='word_1_114' title='bbox 889 1199 1048 1233; x_wconf 84' lang='lat' dir='ltr'>nostrae</span> <span class='ocrx_word' id='word_1_115' title='bbox 1079 1194 1181 1233; x_wconf 62' lang='lat' dir='ltr'>vitae</span> <span class='ocrx_word' id='word_1_116' title='bbox 1214 1200 1365 1242; x_wconf 81' lang='lat' dir='ltr'>statuS,</span> <span class='ocrx_word' id='word_1_117' title='bbox 1396 1194 1508 1234; x_wconf 87' lang='lat' dir='ltr'>sicut</span> 
     </span>
     <span class='ocr_line' id='line_1_18' title="bbox 248 1261 1507 1314; baseline -0.001 -11"><span class='ocrx_word' id='word_1_118' title='bbox 248 1263 415 1303; x_wconf 89' lang='lat' dir='ltr'>dictum</span> <span class='ocrx_word' id='word_1_119' title='bbox 448 1268 525 1311; x_wconf 92' lang='lat' dir='ltr'>est,</span> <span class='ocrx_word' id='word_1_120' title='bbox 558 1275 584 1302; x_wconf 91' lang='lat' dir='ltr'>a</span> <span class='ocrx_word' id='word_1_121' title='bbox 613 1268 730 1302; x_wconf 88' lang='lat' dir='ltr'>statu</span> <span class='ocrx_word' id='word_1_122' title='bbox 762 1263 897 1302; x_wconf 87' lang='lat' dir='ltr'>nostri</span> <span class='ocrx_word' id='word_1_123' title='bbox 927 1261 1120 1311; x_wconf 89' lang='lat' dir='ltr'>Amoris,</span> <span class='ocrx_word' id='word_1_124' title='bbox 1152 1262 1431 1314; x_wconf 89' lang='lat' dir='ltr'>dependent;</span> <span class='ocrx_word' id='word_1_125' title='bbox 1468 1261 1507 1302; x_wconf 84' lang='lat'>&amp;</span> 
     </span>
     <span class='ocr_line' id='line_1_19' title="bbox 250 1329 1509 1384; baseline 0 -13"><span class='ocrx_word' id='word_1_126' title='bbox 250 1344 466 1384; x_wconf 90' lang='lat' dir='ltr'>nusquam</span> <span class='ocrx_word' id='word_1_127' title='bbox 488 1330 635 1383; x_wconf 75' lang='lat' dir='ltr'>aliqua</span> <span class='ocrx_word' id='word_1_128' title='bbox 656 1344 701 1370; x_wconf 92' lang='lat' dir='ltr'>re</span> <span class='ocrx_word' id='word_1_129' title='bbox 723 1329 947 1380; x_wconf 84' lang='lat' dir='ltr'>afficimur,</span> <span class='ocrx_word' id='word_1_130' title='bbox 969 1330 1050 1370; x_wconf 88' lang='lat' dir='ltr'>nisi</span> <span class='ocrx_word' id='word_1_131' title='bbox 1078 1332 1165 1383; x_wconf 73' lang='lat' dir='ltr'>qua</span> <span class='ocrx_word' id='word_1_132' title='bbox 1192 1331 1335 1371; x_wconf 87' lang='lat' dir='ltr'>Amor</span> <span class='ocrx_word' id='word_1_133' title='bbox 1361 1337 1509 1372; x_wconf 89' lang='lat' dir='ltr'>noster</span> 
     </span>
     <span class='ocr_line' id='line_1_20' title="bbox 247 1398 1508 1453; baseline 0 -13"><span class='ocrx_word' id='word_1_134' title='bbox 247 1400 462 1453; x_wconf 87' lang='lat' dir='ltr'>tangitur;</span> <span class='ocrx_word' id='word_1_135' title='bbox 485 1413 564 1440; x_wconf 89' lang='lat' dir='ltr'>nec</span> <span class='ocrx_word' id='word_1_136' title='bbox 578 1398 719 1439; x_wconf 89' lang='lat' dir='ltr'>solum</span> <span class='ocrx_word' id='word_1_137' title='bbox 735 1399 827 1452; x_wconf 90' lang='lat' dir='ltr'>ipse</span> <span class='ocrx_word' id='word_1_138' title='bbox 845 1398 987 1439; x_wconf 87' lang='lat' dir='ltr'>Amor</span> <span class='ocrx_word' id='word_1_139' title='bbox 1001 1399 1219 1439; x_wconf 91' lang='lat' dir='ltr'>Dominus</span> <span class='ocrx_word' id='word_1_140' title='bbox 1235 1406 1310 1440; x_wconf 89' lang='lat' dir='ltr'>aut</span> <span class='ocrx_word' id='word_1_141' title='bbox 1329 1400 1508 1449; x_wconf 88' lang='lat' dir='ltr'>Primas,</span> 
     </span>
     <span class='ocr_line' id='line_1_21' title="bbox 247 1466 1508 1520; baseline 0 -12"><span class='ocrx_word' id='word_1_142' title='bbox 247 1468 324 1508; x_wconf 91' lang='lat' dir='ltr'>sed</span> <span class='ocrx_word' id='word_1_143' title='bbox 353 1468 485 1508; x_wconf 90' lang='lat' dir='ltr'>etiam</span> <span class='ocrx_word' id='word_1_144' title='bbox 515 1467 608 1519; x_wconf 87' lang='lat' dir='ltr'>ejus</span> <span class='ocrx_word' id='word_1_145' title='bbox 637 1480 790 1507; x_wconf 90' lang='lat' dir='ltr'>omnes</span> <span class='ocrx_word' id='word_1_146' title='bbox 816 1466 968 1507; x_wconf 90' lang='lat' dir='ltr'>famuli</span> <span class='ocrx_word' id='word_1_147' title='bbox 997 1480 1047 1507; x_wconf 93' lang='lat' dir='ltr'>ac</span> <span class='ocrx_word' id='word_1_148' title='bbox 1074 1467 1319 1520; x_wconf 88' lang='lat' dir='ltr'>stipatores,</span> <span class='ocrx_word' id='word_1_149' title='bbox 1342 1468 1415 1520; x_wconf 90' lang='lat' dir='ltr'>qui</span> <span class='ocrx_word' id='word_1_150' title='bbox 1444 1469 1508 1508; x_wconf 87' lang='lat' dir='ltr'>in-</span> 
     </span>
     <span class='ocr_line' id='line_1_22' title="bbox 250 1535 1507 1588; baseline 0.002 -12"><span class='ocrx_word' id='word_1_151' title='bbox 250 1535 359 1576; x_wconf 88' lang='lat' dir='ltr'>finiti</span> <span class='ocrx_word' id='word_1_152' title='bbox 396 1535 594 1588; x_wconf 71' lang='lat' dir='ltr'>sunt(k);</span> <span class='ocrx_word' id='word_1_153' title='bbox 642 1549 744 1576; x_wconf 92' lang='lat' dir='ltr'>nam</span> <span class='ocrx_word' id='word_1_154' title='bbox 781 1535 1013 1585; x_wconf 74' lang='lat' dir='ltr'>cohaerent,</span> <span class='ocrx_word' id='word_1_155' title='bbox 1051 1536 1162 1576; x_wconf 88' lang='lat' dir='ltr'>sicut</span> <span class='ocrx_word' id='word_1_156' title='bbox 1197 1550 1284 1576; x_wconf 91' lang='lat' dir='ltr'>una</span> <span class='ocrx_word' id='word_1_157' title='bbox 1327 1536 1507 1585; x_wconf 88' lang='lat' dir='ltr'>Catena,</span> 
     </span>
    </p>
   </div>
   <div class='ocr_carea' id='block_1_4' title="bbox 247 1641 1508 2348">
    <p class='ocr_par' dir='ltr' id='par_1_4' title="bbox 247 1641 1508 2348">
     <span class='ocr_line' id='line_1_23' title="bbox 298 1641 1508 1686; baseline 0.002 -12"><span class='ocrx_word' id='word_1_158' title='bbox 298 1641 347 1685; x_wconf 73' lang='lat' dir='ltr'>(k)</span> <span class='ocrx_word' id='word_1_159' title='bbox 377 1641 487 1685; x_wconf 81' lang='lat' dir='ltr'>Quod</span> <span class='ocrx_word' id='word_1_160' title='bbox 510 1641 666 1686; x_wconf 87' lang='lat' dir='ltr'>quisque</span> <span class='ocrx_word' id='word_1_161' title='bbox 690 1641 727 1674; x_wconf 91' lang='lat' dir='ltr'>in</span> <span class='ocrx_word' id='word_1_162' title='bbox 752 1641 811 1683; x_wconf 87' lang='lat' dir='ltr'>Se,</span> <span class='ocrx_word' id='word_1_163' title='bbox 829 1652 894 1675; x_wconf 87' lang='lat' dir='ltr'>seu</span> <span class='ocrx_word' id='word_1_164' title='bbox 917 1641 955 1675; x_wconf 90' lang='lat' dir='ltr'>in</span> <span class='ocrx_word' id='word_1_165' title='bbox 979 1641 1054 1675; x_wconf 90' lang='lat' dir='ltr'>suis</span> <span class='ocrx_word' id='word_1_166' title='bbox 1080 1642 1272 1686; x_wconf 81' lang='lat' dir='ltr'>Cogitatis,</span> <span class='ocrx_word' id='word_1_167' title='bbox 1291 1642 1508 1686; x_wconf 86' lang='lat' dir='ltr'>Desideriis‚</span> 
     </span>
     <span class='ocr_line' id='line_1_24' title="bbox 249 1696 1508 1742; baseline 0.001 -11"><span class='ocrx_word' id='word_1_168' title='bbox 249 1697 360 1742; x_wconf 89' lang='lat' dir='ltr'>inque</span> <span class='ocrx_word' id='word_1_169' title='bbox 387 1696 560 1741; x_wconf 91' lang='lat' dir='ltr'>Loquelis</span> <span class='ocrx_word' id='word_1_170' title='bbox 586 1696 619 1730; x_wconf 69' lang='grc' dir='ltr'>δι</span> <span class='ocrx_word' id='word_1_171' title='bbox 644 1696 874 1739; x_wconf 90' lang='lat' dir='ltr'>Actionibus,</span> <span class='ocrx_word' id='word_1_172' title='bbox 898 1696 930 1730; x_wconf 89' lang='lat'>&amp;</span> <span class='ocrx_word' id='word_1_173' title='bbox 957 1696 1106 1741; x_wconf 87' lang='lat' dir='ltr'>quidem</span> <span class='ocrx_word' id='word_1_174' title='bbox 1132 1697 1168 1730; x_wconf 92' lang='lat' dir='ltr'>in</span> <span class='ocrx_word' id='word_1_175' title='bbox 1194 1697 1347 1741; x_wconf 81' lang='lat' dir='ltr'>singulis</span> <span class='ocrx_word' id='word_1_176' title='bbox 1373 1698 1508 1732; x_wconf 86' lang='lat' dir='ltr'>emica-</span> 
     </span>
     <span class='ocr_line' id='line_1_25' title="bbox 248 1751 1507 1797; baseline 0.001 -11"><span class='ocrx_word' id='word_1_177' title='bbox 248 1752 410 1786; x_wconf 87' lang='lat' dir='ltr'>tionibus</span> <span class='ocrx_word' id='word_1_178' title='bbox 430 1762 506 1785; x_wconf 86' lang='lat' dir='ltr'>suae</span> <span class='ocrx_word' id='word_1_179' title='bbox 523 1751 620 1794; x_wconf 81' lang='lat' dir='ltr'>vitae,</span> <span class='ocrx_word' id='word_1_180' title='bbox 638 1763 745 1785; x_wconf 88' lang='lat' dir='ltr'>suurn</span> <span class='ocrx_word' id='word_1_181' title='bbox 763 1752 940 1786; x_wconf 88' lang='lat' dir='ltr'>Amorem</span> <span class='ocrx_word' id='word_1_182' title='bbox 965 1763 1187 1795; x_wconf 87' lang='lat' dir='ltr'>cognoscere</span> <span class='ocrx_word' id='word_1_183' title='bbox 1209 1753 1337 1797; x_wconf 78' lang='lat' dir='ltr'>possit,</span> <span class='ocrx_word' id='word_1_184' title='bbox 1357 1754 1445 1788; x_wconf 86' lang='lat' dir='ltr'>satis</span> <span class='ocrx_word' id='word_1_185' title='bbox 1470 1754 1507 1787; x_wconf 91' lang='lat' dir='ltr'>in</span> 
     </span>
     <span class='ocr_line' id='line_1_26' title="bbox 247 1807 1506 1852; baseline 0.002 -11"><span class='ocrx_word' id='word_1_186' title='bbox 247 1807 373 1852; x_wconf 84' lang='lat' dir='ltr'>aprico</span> <span class='ocrx_word' id='word_1_187' title='bbox 391 1813 447 1842; x_wconf 91' lang='lat' dir='ltr'>est</span> <span class='ocrx_word' id='word_1_188' title='bbox 463 1819 469 1841; x_wconf 92' lang='lat'><strong>:</strong></span> <span class='ocrx_word' id='word_1_189' title='bbox 497 1807 530 1841; x_wconf 89' lang='lat'>&amp;</span> <span class='ocrx_word' id='word_1_190' title='bbox 548 1807 782 1852; x_wconf 87' lang='lat' dir='ltr'>quantumvis</span> <span class='ocrx_word' id='word_1_191' title='bbox 801 1807 981 1850; x_wconf 86' lang='lat' dir='ltr'>didicerit,</span> <span class='ocrx_word' id='word_1_192' title='bbox 998 1807 1120 1851; x_wconf 87' lang='lat' dir='ltr'>alium,</span> <span class='ocrx_word' id='word_1_193' title='bbox 1139 1819 1250 1852; x_wconf 86' lang='lat' dir='ltr'>quam</span> <span class='ocrx_word' id='word_1_194' title='bbox 1269 1819 1386 1852; x_wconf 87' lang='lat' dir='ltr'>suum,</span> <span class='ocrx_word' id='word_1_195' title='bbox 1404 1809 1506 1843; x_wconf 87' lang='lat' dir='ltr'>vultu</span> 
     </span>
     <span class='ocr_line' id='line_1_27' title="bbox 249 1861 1507 1908; baseline 0.002 -13"><span class='ocrx_word' id='word_1_196' title='bbox 249 1868 326 1896; x_wconf 85' lang='lat' dir='ltr'>tarn</span> <span class='ocrx_word' id='word_1_197' title='bbox 344 1861 450 1896; x_wconf 86' lang='lat' dir='ltr'>faciei</span> <span class='ocrx_word' id='word_1_198' title='bbox 467 1873 578 1906; x_wconf 88' lang='lat' dir='ltr'>quam</span> <span class='ocrx_word' id='word_1_199' title='bbox 596 1861 795 1905; x_wconf 88' lang='lat' dir='ltr'>actionum,</span> <span class='ocrx_word' id='word_1_200' title='bbox 813 1862 961 1896; x_wconf 88' lang='lat' dir='ltr'>mentiri</span> <span class='ocrx_word' id='word_1_201' title='bbox 979 1873 1022 1896; x_wconf 91' lang='lat' dir='ltr'>ac</span> <span class='ocrx_word' id='word_1_202' title='bbox 1041 1863 1224 1906; x_wconf 86' lang='lat' dir='ltr'>simulare,</span> <span class='ocrx_word' id='word_1_203' title='bbox 1244 1874 1358 1908; x_wconf 87' lang='lat' dir='ltr'>usque</span> <span class='ocrx_word' id='word_1_204' title='bbox 1381 1870 1507 1899; x_wconf 89' lang='lat' dir='ltr'>tamen</span> 
     </span>
     <span class='ocr_line' id='line_1_28' title="bbox 249 1916 1508 1963; baseline 0.002 -13"><span class='ocrx_word' id='word_1_205' title='bbox 249 1917 408 1960; x_wconf 88' lang='lat' dir='ltr'>sibimet,</span> <span class='ocrx_word' id='word_1_206' title='bbox 428 1916 460 1950; x_wconf 68' lang='grc' dir='ltr'>ἃ</span> <span class='ocrx_word' id='word_1_207' title='bbox 481 1928 525 1951; x_wconf 91' lang='lat' dir='ltr'>eo</span> <span class='ocrx_word' id='word_1_208' title='bbox 547 1917 845 1961; x_wconf 83' lang='lat' dir='ltr'>sapientioribus,</span> <span class='ocrx_word' id='word_1_209' title='bbox 864 1917 926 1962; x_wconf 85' lang='lat' dir='ltr'>qui</span> <span class='ocrx_word' id='word_1_210' title='bbox 952 1928 1027 1951; x_wconf 90' lang='lat' dir='ltr'>non</span> <span class='ocrx_word' id='word_1_211' title='bbox 1053 1917 1142 1952; x_wconf 90' lang='lat' dir='ltr'>istos</span> <span class='ocrx_word' id='word_1_212' title='bbox 1167 1918 1288 1952; x_wconf 88' lang='lat' dir='ltr'>vultus</span> <span class='ocrx_word' id='word_1_213' title='bbox 1314 1919 1346 1953; x_wconf 83' lang='lat'>&amp;</span> <span class='ocrx_word' id='word_1_214' title='bbox 1371 1919 1508 1963; x_wconf 82' lang='lat' dir='ltr'>figuras</span> 
     </span>
     <span class='ocr_line' id='line_1_29' title="bbox 250 1971 1508 2017; baseline 0.002 -11"><span class='ocrx_word' id='word_1_215' title='bbox 250 1971 461 2016; x_wconf 84' lang='lat' dir='ltr'>respiciunt,</span> <span class='ocrx_word' id='word_1_216' title='bbox 487 1971 576 2005; x_wconf 87' lang='lat' dir='ltr'>satis</span> <span class='ocrx_word' id='word_1_217' title='bbox 601 1971 768 2016; x_wconf 86' lang='lat' dir='ltr'>patescit.</span> <span class='ocrx_word' id='word_1_218' title='bbox 817 1972 976 2007; x_wconf 88' lang='lat' dir='ltr'>Amores</span> <span class='ocrx_word' id='word_1_219' title='bbox 1005 1972 1064 2007; x_wconf 89' lang='lat' dir='ltr'>isti</span> <span class='ocrx_word' id='word_1_220' title='bbox 1090 1973 1127 2006; x_wconf 91' lang='lat' dir='ltr'>in</span> <span class='ocrx_word' id='word_1_221' title='bbox 1155 1984 1290 2017; x_wconf 85' lang='lat' dir='ltr'>genere</span> <span class='ocrx_word' id='word_1_222' title='bbox 1318 1985 1393 2008; x_wconf 92' lang='lat' dir='ltr'>non</span> <span class='ocrx_word' id='word_1_223' title='bbox 1423 1981 1508 2009; x_wconf 91' lang='lat' dir='ltr'>sunt</span> 
     </span>
     <span class='ocr_line' id='line_1_30' title="bbox 249 2026 1507 2072; baseline 0.002 -12"><span class='ocrx_word' id='word_1_224' title='bbox 249 2027 321 2060; x_wconf 90' lang='lat' dir='ltr'>nisi</span> <span class='ocrx_word' id='word_1_225' title='bbox 338 2026 426 2070; x_wconf 86' lang='lat' dir='ltr'>bini,</span> <span class='ocrx_word' id='word_1_226' title='bbox 439 2026 578 2061; x_wconf 88' lang='lat' dir='ltr'>scilicet</span> <span class='ocrx_word' id='word_1_227' title='bbox 594 2027 710 2060; x_wconf 89' lang='lat' dir='ltr'>Amor</span> <span class='ocrx_word' id='word_1_228' title='bbox 725 2027 924 2071; x_wconf 90' lang='lat' dir='ltr'>Supremus</span> <span class='ocrx_word' id='word_1_229' title='bbox 940 2038 1004 2061; x_wconf 91' lang='lat' dir='ltr'>seu</span> <span class='ocrx_word' id='word_1_230' title='bbox 1019 2028 1171 2072; x_wconf 89' lang='lat' dir='ltr'>Optimi,</span> <span class='ocrx_word' id='word_1_231' title='bbox 1185 2028 1217 2062; x_wconf 63' lang='grc' dir='ltr'>ἃ</span> <span class='ocrx_word' id='word_1_232' title='bbox 1230 2028 1345 2062; x_wconf 90' lang='lat' dir='ltr'>Amor</span> <span class='ocrx_word' id='word_1_233' title='bbox 1358 2029 1507 2064; x_wconf 86' lang='lat' dir='ltr'>infimus</span> 
     </span>
     <span class='ocr_line' id='line_1_31' title="bbox 250 2081 1508 2127; baseline 0.002 -11"><span class='ocrx_word' id='word_1_234' title='bbox 250 2092 314 2116; x_wconf 90' lang='lat' dir='ltr'>seu</span> <span class='ocrx_word' id='word_1_235' title='bbox 347 2081 498 2126; x_wconf 87' lang='lat' dir='ltr'>pessimi</span> <span class='ocrx_word' id='word_1_236' title='bbox 516 2093 524 2122; x_wconf 91' lang='lat'>;</span> <span class='ocrx_word' id='word_1_237' title='bbox 566 2081 749 2126; x_wconf 88' lang='lat' dir='ltr'>pessimus</span> <span class='ocrx_word' id='word_1_238' title='bbox 782 2088 850 2125; x_wconf 86' lang='lat' dir='ltr'>est,</span> <span class='ocrx_word' id='word_1_239' title='bbox 879 2082 966 2126; x_wconf 88' lang='lat' dir='ltr'>quia</span> <span class='ocrx_word' id='word_1_240' title='bbox 998 2093 1021 2116; x_wconf 88' lang='lat' dir='ltr'>a</span> <span class='ocrx_word' id='word_1_241' title='bbox 1055 2083 1235 2127; x_wconf 90' lang='lat' dir='ltr'>Supremo</span> <span class='ocrx_word' id='word_1_242' title='bbox 1265 2083 1446 2126; x_wconf 88' lang='lat' dir='ltr'>discessit,</span> <span class='ocrx_word' id='word_1_243' title='bbox 1475 2084 1508 2118; x_wconf 68' lang='grc' dir='ltr'>ἃ.</span> 
     </span>
     <span class='ocr_line' id='line_1_32' title="bbox 250 2136 1508 2183; baseline 0.002 -13"><span class='ocrx_word' id='word_1_244' title='bbox 250 2148 398 2181; x_wconf 91' lang='lat' dir='ltr'>prorsus</span> <span class='ocrx_word' id='word_1_245' title='bbox 423 2136 600 2171; x_wconf 85' lang='lat' dir='ltr'>dissidet:</span> <span class='ocrx_word' id='word_1_246' title='bbox 626 2148 754 2171; x_wconf 90' lang='lat' dir='ltr'>omnes</span> <span class='ocrx_word' id='word_1_247' title='bbox 780 2137 909 2181; x_wconf 85' lang='lat' dir='ltr'>reliqui</span> <span class='ocrx_word' id='word_1_248' title='bbox 934 2138 1090 2172; x_wconf 85' lang='lat' dir='ltr'>Amores</span> <span class='ocrx_word' id='word_1_249' title='bbox 1116 2145 1200 2172; x_wconf 88' lang='lat' dir='ltr'>sunt</span> <span class='ocrx_word' id='word_1_250' title='bbox 1225 2138 1444 2183; x_wconf 86' lang='lat' dir='ltr'>intermedii,</span> <span class='ocrx_word' id='word_1_251' title='bbox 1462 2150 1508 2175; x_wconf 88' lang='lat' dir='ltr'>ac</span> 
     </span>
     <span class='ocr_line' id='line_1_33' title="bbox 251 2191 1507 2235; baseline 0.003 -10"><span class='ocrx_word' id='word_1_252' title='bbox 251 2191 394 2226; x_wconf 72' lang='lat' dir='ltr'>infinita</span> <span class='ocrx_word' id='word_1_253' title='bbox 410 2191 586 2226; x_wconf 89' lang='lat' dir='ltr'>varietate</span> <span class='ocrx_word' id='word_1_254' title='bbox 603 2203 643 2226; x_wconf 89' lang='lat' dir='ltr'>se</span> <span class='ocrx_word' id='word_1_255' title='bbox 659 2191 708 2225; x_wconf 92' lang='lat' dir='ltr'>ad</span> <span class='ocrx_word' id='word_1_256' title='bbox 726 2202 839 2225; x_wconf 87' lang='lat' dir='ltr'>unum</span> <span class='ocrx_word' id='word_1_257' title='bbox 857 2199 919 2226; x_wconf 89' lang='lat' dir='ltr'>aut</span> <span class='ocrx_word' id='word_1_258' title='bbox 943 2193 1098 2228; x_wconf 86' lang='lat' dir='ltr'>alterum</span> <span class='ocrx_word' id='word_1_259' title='bbox 1121 2193 1279 2228; x_wconf 88' lang='lat' dir='ltr'>referunt</span> <span class='ocrx_word' id='word_1_260' title='bbox 1295 2206 1304 2235; x_wconf 90' lang='lat'>;</span> <span class='ocrx_word' id='word_1_261' title='bbox 1329 2194 1380 2228; x_wconf 91' lang='lat' dir='ltr'>ita</span> <span class='ocrx_word' id='word_1_262' title='bbox 1397 2194 1507 2229; x_wconf 88' lang='lat' dir='ltr'>unius</span> 
     </span>
     <span class='ocr_line' id='line_1_34' title="bbox 250 2246 1506 2294; baseline 0.002 -14"><span class='ocrx_word' id='word_1_263' title='bbox 250 2246 309 2281; x_wconf 93' lang='lat' dir='ltr'>vel</span> <span class='ocrx_word' id='word_1_264' title='bbox 340 2247 488 2281; x_wconf 89' lang='lat' dir='ltr'>alterius</span> <span class='ocrx_word' id='word_1_265' title='bbox 524 2246 694 2291; x_wconf 86' lang='lat' dir='ltr'>effigiem,</span> <span class='ocrx_word' id='word_1_266' title='bbox 726 2247 845 2290; x_wconf 89' lang='lat' dir='ltr'>magis</span> <span class='ocrx_word' id='word_1_267' title='bbox 878 2247 1045 2282; x_wconf 88' lang='lat' dir='ltr'>minusve</span> <span class='ocrx_word' id='word_1_268' title='bbox 1078 2255 1278 2293; x_wconf 88' lang='lat' dir='ltr'>portamus.</span> <span class='ocrx_word' id='word_1_269' title='bbox 1346 2249 1421 2294; x_wconf 88' lang='lat' dir='ltr'>Ipsi</span> <span class='ocrx_word' id='word_1_270' title='bbox 1455 2250 1506 2284; x_wconf 88' lang='lat' dir='ltr'>illi</span> 
     </span>
     <span class='ocr_line' id='line_1_35' title="bbox 251 2302 1507 2348; baseline 0.003 -12"><span class='ocrx_word' id='word_1_271' title='bbox 251 2302 407 2337; x_wconf 87' lang='lat' dir='ltr'>Amores</span> <span class='ocrx_word' id='word_1_272' title='bbox 433 2308 517 2337; x_wconf 90' lang='lat' dir='ltr'>sunt</span> <span class='ocrx_word' id='word_1_273' title='bbox 542 2302 660 2347; x_wconf 80' lang='lat' dir='ltr'>reales</span> <span class='ocrx_word' id='word_1_274' title='bbox 687 2302 881 2346; x_wconf 67' lang='lat' dir='ltr'>Essendae,</span> <span class='ocrx_word' id='word_1_275' title='bbox 907 2314 990 2348; x_wconf 81' lang='lat' dir='ltr'>quae</span> <span class='ocrx_word' id='word_1_276' title='bbox 1014 2304 1198 2346; x_wconf 75' lang='lat' dir='ltr'>existunt3</span> <span class='ocrx_word' id='word_1_277' title='bbox 1233 2304 1262 2338; x_wconf 91' lang='lat' dir='ltr'>si</span> <span class='ocrx_word' id='word_1_278' title='bbox 1288 2315 1362 2339; x_wconf 91' lang='lat' dir='ltr'>non</span> <span class='ocrx_word' id='word_1_279' title='bbox 1388 2305 1507 2340; x_wconf 85' lang='lat' dir='ltr'>reales</span> 
     </span>
    </p>
   </div>
  </div>
 </body>
</html>
