1835 2672
362 152 407 196 36
603 151 787 187 CAPUT
815 150 1055 195 PRMIUM,
1088 150 1283 185 SECTIO
1316 150 1391 184 III.

362 250 400 292 ἃ
423 250 606 304 provida
627 250 817 291 alumnae
840 250 969 290 desiit
992 264 1102 298 cura,
1126 255 1362 302 antequam
1387 249 1523 290 Pecus
1545 248 1626 290 sub

361 325 544 360 suaemet
558 320 660 360 vitae
673 319 867 373 auspicio
877 319 1097 372 propriam
1108 324 1310 358 naturam
1326 317 1627 371 ingrederetur

361 402 502 441 agere.
565 389 768 429 Maxima
800 402 901 441 pars
935 388 1158 428 crescebat
1194 388 1300 427 toris
1334 386 1372 427 &
1407 387 1551 436 costis,
1586 386 1625 427 &

360 457 460 497 altis
481 457 666 510 pedibus
695 457 888 510 corporis
918 470 1126 509 magnam
1154 456 1360 509 gestabat
1389 455 1561 505 molem,
1586 456 1625 497 &

360 526 504 566 fronte
546 540 721 566 ramosa
760 526 966 579 portabat
1004 539 1175 574 cornua,
1213 525 1398 565 totidem
1440 525 1627 578 insignia

360 594 586 648 sylvestris
623 595 851 647 prosapiae,
888 593 927 634 ἃ
963 594 1019 634 ab
1055 593 1190 633 humo
1226 593 1356 634 altius
1387 600 1550 634 evectae
1586 593 1626 634 8τ.

360 663 605 703 nobilitatae
623 669 833 703 maternae
851 663 1008 715 stirpis,
1051 663 1123 702 Ex
1141 662 1330 714 cujusvis
1347 663 1469 703 vultu
1486 662 1626 704 eluxit

358 733 556 781 animus;
590 746 635 772 se
657 733 772 772 enim
802 732 897 784 ipsa
926 732 1095 771 Natura
1122 732 1164 771 in
1195 732 1398 785 Corporis
1429 732 1624 784 figuram,

359 801 464 841 dum
505 801 634 841 simul
675 802 718 840 in
759 814 913 850 mores,
948 800 1247 853 transcripsit3
1289 814 1390 840 nam
1430 800 1626 854 Corpora

358 884 483 910 suam
520 870 734 910 Animam
773 869 966 922 quodam
1004 875 1319 921 repraesentant
1356 875 1492 922 typo;
1535 870 1625 910 vita

359 940 474 979 enim
519 946 686 979 naturae
724 938 878 990 juncta
918 938 1033 990 parit
1074 951 1267 986 causam,
1302 937 1340 978 &
1381 951 1524 987 causa,
1557 939 1625 979 cui

358 1014 544 1061 utraque
572 1008 696 1055 inest,
723 1007 925 1059 producit
954 1006 1170 1055 effectum,
1193 1007 1266 1059 qui
1297 1021 1452 1047 usuum
1483 1021 1508 1047 a
1536 1008 1627 1048 vita

358 1090 435 1129 per
456 1083 656 1116 naturam
680 1076 1011 1128 designatorum
1036 1075 1297 1128 complexus
1316 1075 1353 1115 ἃ
1378 1076 1524 1128 imago
1547 1082 1624 1118 est.

358 1145 480 1198 Quot
499 1146 646 1198 itaque
669 1159 794 1184 novae
811 1144 955 1193 facies,
972 1150 1040 1185 tot
1057 1150 1181 1185 erant
1199 1144 1430 1184 dissimiles
1447 1145 1623 1196 Animi;

358 1216 470 1255 adeo
508 1222 554 1254 ut
592 1215 768 1262 diceres,
805 1227 957 1253 omnes
999 1213 1041 1253 in
1083 1214 1282 1254 universo
1321 1214 1497 1266 junctos
1537 1214 1625 1255 dis-

353 1284 619 1336 junctosque
660 1282 861 1331 Animos,
907 1282 1099 1334 Corpore
1141 1283 1330 1332 indutos,
1374 1289 1623 1323 terrestrem

356 1354 472 1394 hunc
497 1353 740 1406 Olympum
764 1358 1025 1405 spectatum,
1049 1352 1086 1392 &
1115 1353 1331 1404 Regimen
1355 1353 1623 1392 diversorum

357 1422 623 1462 Animorum
642 1421 891 1470 formatum,
910 1421 1091 1461 coivisse
1110 1435 1118 1462 :
1149 1421 1342 1474 Quidam
1362 1422 1476 1461 enim
1500 1428 1624 1462 erant

357 1491 522 1532 feroces
575 1491 612 1531 81
652 1490 894 1540 immanes;
945 1504 1024 1530 nec
1067 1490 1146 1529 nisi
1189 1504 1321 1543 quarn
1363 1491 1623 1542 sanguinem

357 1560 652 1607 deamabant3
694 1559 874 1611 quidam
913 1559 994 1611 ipsi
1026 1573 1149 1598 suam
1182 1559 1454 1611 aliorumque
1481 1559 1623 1599 lucem

358 1630 500 1682 perosi
527 1628 720 1668 livebant
751 1627 861 1676 felle,
886 1628 1043 1680 quibus
1074 1641 1290 1680 nusquam
1320 1634 1438 1668 recta
1467 1627 1624 1667 facies:

357 1698 538 1750 quidam
576 1697 760 1736 animosi
796 1696 1031 1748 turgebant
1069 1696 1259 1749 imagine
1296 1696 1391 1736 sui:
1443 1696 1624 1749 quidam

358 1773 505 1806 autem
546 1766 723 1818 gloriosi
767 1764 805 1804 δι
843 1766 966 1817 quasi
1009 1766 1150 1804 ansati
1192 1765 1505 1805 ambulabant:
1552 1765 1625 1805 alii

359 1837 486 1875 mites
510 1835 547 1875 ἃ
572 1834 789 1874 mansueti
812 1848 971 1874 coaevae
995 1848 1085 1874 suae
1102 1835 1245 1887 gentis
1268 1834 1407 1874 minas
1431 1833 1469 1874 ἃ
1488 1833 1625 1874 fastus

358 1904 636 1957 indulgenter
657 1903 877 1943 ferebant:
910 1903 982 1943 alii
1006 1917 1108 1943 vero
1131 1903 1290 1955 trepidi
1310 1902 1347 1942 ἃ
1369 1902 1625 1952 meticulosi,

358 1973 413 2012 ad
449 1973 565 2012 solos
601 1978 804 2024 aspectus
835 1978 988 2020 truces,
1028 1971 1306 2024 palpitabant
1347 1971 1624 2024 praecordiis:

358 2041 554 2080 nonnulli
587 2040 688 2079 solis
719 2040 878 2079 amoris
912 2040 1125 2079 illecebris
1157 2053 1336 2092 operam
1374 2039 1552 2087 dabant,
1585 2038 1623 2078 &

357 2110 484 2150 ludos
506 2109 713 2149 continuo
736 2109 958 2149 ludebant.
1021 2108 1184 2148 Verum
1216 2122 1353 2161 usque
1377 2108 1488 2147 inter
1508 2107 1622 2147 hunc

357 2178 569 2233 populum
604 2177 760 2217 animis
794 2178 1133 2226 discordantem,
1167 2177 1371 2230 quaedam
1402 2177 1624 2229 regiminis

356 2249 508 2297 forma,
532 2247 568 2287 ἃ
592 2261 668 2299 per
689 2260 883 2286 amorem
907 2247 1198 2298 timoremque
1221 2246 1449 2286 inductum
1472 2245 1623 2285 mode-

356 2331 519 2367 ramen,
535 2323 648 2368 erat3
673 2317 971 2369 unusquisque
987 2316 1102 2356 enim
1118 2330 1174 2356 ex
1190 2315 1283 2355 solo
1299 2315 1419 2355 vultu
1434 2314 1620 2355 alterum
