1783 2760
393 150 471 184 DE
502 148 776 183 INFANTJA
811 149 1191 183 PRJMOGENITJ.
1375 155 1417 192 75

168 247 378 287 mundum
411 247 448 287 ei
482 246 585 287 dare
620 260 725 286 ausa
761 259 868 295 sum,
901 259 1033 298 quam
1067 245 1208 286 solum
1242 251 1289 286 ut
1326 245 1418 298 ejus

166 314 338 355 ordines
361 314 398 355 &
421 321 560 355 status
582 314 801 356 communi
824 314 989 354 auxilio
1010 314 1153 354 firmet
1181 314 1218 354 &
1249 320 1418 354 susten-

166 383 301 436 tet(z').
363 383 491 423 Illum
523 384 654 424 etiam
686 397 744 423 ex
776 383 903 423 meris
939 382 1193 423 concinnavi
1233 382 1415 431 Centris,

214 491 260 534 (ί)
290 491 398 535 Quod
418 491 579 525 Mundus
596 498 721 526 noster
737 491 928 534 Animalis,
941 491 1002 536 qui
1017 491 1128 525 etiam
1148 490 1418 524 Microcosmus

166 546 381 590 appellatur,
398 558 420 580 a
438 547 593 591 propriis
611 547 761 588 naturis,
776 558 838 580 seu
857 546 1029 591 potentiis
1048 546 1080 580 ἃ
1098 546 1245 588 viribus,
1260 552 1418 589 regatur,

165 612 188 635 a
213 601 336 635 multis
362 608 530 636 constare
556 609 701 646 potest;
732 613 819 635 nam
847 602 1005 645 Sanguis
1031 608 1107 636 tam
1133 612 1247 645 prone
1274 612 1417 635 sursum

166 667 277 700 quam
296 656 467 691 deorsum
486 658 522 691 in
535 657 644 691 Vasis
662 657 740 702 ejus
758 657 835 691 fluit
851 670 858 699 ;
885 657 1006 691 caeteri
1028 657 1212 690 Humores
1232 656 1418 697 similiter3

165 718 244 745 tum
262 712 370 745 etiam
387 711 574 746 Alimenta
588 712 625 745 in
639 712 854 746 Ventriculo
870 711 902 745 S:
919 711 1125 752 Intestini53
1144 711 1244 744 nulla
1257 711 1418 754 gravitas

167 777 231 800 seu
249 766 539 810 centripetentia,
558 767 629 800 nisi
647 777 711 810 per
733 767 828 800 vires
852 766 1018 811 proprias
1042 766 1193 808 activas,
1211 765 1394 799 inducitur
1409 777 1417 806 3

166 832 277 865 quare
295 821 372 865 ejus
391 828 522 855 natura
539 833 685 866 prorsus
704 833 725 855 a
742 828 874 855 natura
888 821 1019 855 Mundi
1033 820 1234 855 circumflui
1249 826 1419 864 exempta

165 882 244 910 est:
270 876 350 910 haec
376 882 443 919 est,
461 887 572 921 quam
597 877 734 910 Anima
758 883 884 910 nostra
909 876 1025 920 regit3
1052 876 1102 910 ita
1122 882 1263 909 naturae
1280 874 1417 920 aliquid

165 931 377 966 immediate
405 931 574 975 tribuere,
604 938 660 966 est
689 932 866 975 derogare
895 931 1063 975 regimini
1092 938 1228 965 nostrae
1260 931 1418 973 Animae‚

164 986 271 1019 sicuti
297 986 435 1020 Mentis
458 993 593 1020 nostrae
611 986 813 1029 Voluntati,
832 986 861 1019 si
884 986 1049 1020 actiones
1071 993 1212 1020 naturae
1234 985 1418 1019 adscribe—

164 1052 295 1075 remus.
333 1043 417 1086 Jam
435 1042 521 1086 quia
538 1048 662 1076 noster
679 1042 781 1075 vivus
802 1041 1082 1084 Microcosmus,
1101 1052 1143 1074 ex
1160 1051 1204 1075 eo
1222 1040 1320 1085 quod
1338 1051 1419 1084 pro-

164 1097 283 1140 priam
300 1104 470 1130 naturam
485 1097 684 1140 possideat,
702 1108 724 1130 a
736 1097 817 1141 jure
837 1096 991 1130 Maximi
1006 1107 1067 1130 seu
1083 1095 1419 1130 circumambientis

165 1151 342 1195 discedat,
360 1152 619 1196 expendamus,
639 1152 727 1196 quid
744 1152 792 1185 ab
810 1152 882 1194 illo,
901 1151 933 1185 ἅ*
957 1151 1045 1196 quid
1066 1163 1089 1185 a
1112 1162 1150 1185 se
1174 1151 1264 1195 ipso,
1283 1151 1394 1185 trahit
1410 1164 1418 1192 ;

168 1207 195 1240 1.
225 1207 472 1240 Microcosmo
499 1207 660 1240 Animali
688 1207 958 1251 Atmosphaerae
980 1206 1181 1240 circumflui
1207 1206 1338 1239 Mundi
1366 1205 1419 1239 in-

166 1261 353 1305 cumbunt,
368 1268 504 1306 puncta
517 1262 594 1306 ejus
610 1262 764 1306 singula,
778 1262 812 1295 vi
831 1262 863 1296 &
881 1261 1052 1306 pondere,
1073 1260 1275 1295 secundum
1293 1260 1418 1294 activi-

164 1323 278 1351 tatem
297 1317 329 1351 δι.
347 1317 556 1351 columnam
575 1329 690 1360 suam,
709 1324 890 1362 premunt,
908 1317 940 1351 δε
964 1317 1015 1350 sic
1039 1316 1214 1361 quicquid
1231 1316 1279 1349 ad
1298 1316 1418 1360 ipsum

165 1378 319 1416 spectat,
337 1372 558 1406 indivulsum
577 1373 613 1406 in
631 1383 724 1406 nexu
744 1373 931 1407 continent
948 1386 955 1414 3
1000 1372 1084 1416 Ipse
1102 1383 1188 1405 vero
1207 1377 1333 1405 contra
1351 1371 1418 1404 has

163 1428 270 1469 vires,
287 1427 484 1471 gravitates
503 1428 535 1461 δε
552 1428 833 1471 incumbentias,
852 1428 1027 1472 parilibus
1051 1427 1125 1460 suis
1143 1426 1258 1469 reagit
1274 1439 1282 1467 ;
1309 1426 1361 1460 sic
1380 1432 1419 1460 ut

162 1483 256 1516 libra
274 1489 344 1516 stet
362 1482 399 1516 in
416 1483 550 1525 medio,
569 1484 601 1518 ἃ
618 1483 715 1518 actio
733 1484 955 1518 reactionem
972 1489 1102 1527 aequet.
1139 1482 1313 1516 Similiter
1330 1481 1418 1515 dum

163 1537 425 1582 Atmosphaera
436 1537 473 1571 in
487 1538 683 1572 Pulmones
696 1538 823 1581 influit,
836 1538 867 1572 ἃ
884 1538 1047 1582 Corpori,
1060 1537 1210 1581 ejusque
1228 1536 1417 1579 Membris,

164 1599 330 1627 motuum
355 1593 449 1626 vires
475 1593 639 1637 inspirat.
692 1594 740 1627 ΙΙ.
769 1594 1038 1637 Atmosphaerae
1063 1593 1185 1635 etiam,
1204 1591 1417 1636 cumprimis

164 1648 344 1691 aethereae,
362 1655 424 1682 aut
443 1649 593 1693 priores,
611 1655 733 1693 partes
752 1649 828 1693 ejus
853 1649 1026 1692 singulas,
1046 1648 1199 1692 proinde
1222 1654 1351 1689 totum,
1369 1647 1418 1680 ad

165 1710 331 1737 centrum
357 1715 462 1737 suum
487 1704 654 1748 gravium
679 1712 831 1748 urgent3
859 1704 1007 1747 scilicet,
1032 1710 1071 1738 ut
1096 1714 1163 1737 nos
1190 1702 1352 1747 depressi
1379 1702 1416 1735 in

164 1757 278 1791 fundo
296 1758 637 1802 Atmosphaerarum
652 1770 760 1804 super
773 1759 929 1792 Telluris
945 1759 1119 1803 subjectae
1132 1758 1260 1801 glebas
1274 1757 1417 1801 gradia-

163 1824 254 1856 mur,
274 1812 307 1846 &
324 1813 373 1846 ibi
392 1813 497 1847 sedes
511 1820 667 1856 nostras,
681 1814 850 1858 hospitia,
866 1814 898 1848 &
912 1814 1162 1856 contubernia,
1175 1819 1415 1847 exstruamus.

167 1869 210 1901 In
223 1868 375 1910 caeteris,
388 1868 435 1902 ad
449 1879 686 1914 quascunque
699 1869 798 1912 libet,
810 1870 939 1914 plagas
953 1869 985 1903 ἃς
997 1869 1229 1912 directiones,
1244 1868 1417 1912 Corporis

164 1923 279 1957 nostri
308 1923 386 1957 lora
415 1924 484 1968 ipsi
514 1924 684 1968 regimus,
715 1924 747 1958 δε
774 1925 930 1969 propriis
959 1924 1215 1968 gubernaculis
1247 1925 1417 1968 Regnum

164 1978 474 2013 administramus.
520 1979 591 2013 III.
613 1981 766 2025 Insuper
783 1980 1061 2024 Atmosphaerae,
1077 1990 1140 2024 per
1156 1979 1314 2023 reliquas
1333 1990 1418 2013 suas

165 2040 327 2077 naturas,
353 2034 460 2068 nobis
485 2035 695 2069 ministrant
721 2035 753 2069 ἅ
779 2035 991 2078 inserviunt,
1017 2036 1109 2069 sicut
1134 2046 1199 2079 per
1226 2034 1417 2068 Modifica-

165 2089 296 2132 tiones,
315 2090 446 2134 quibus
464 2090 501 2124 in
526 2091 676 2134 Organa
700 2097 906 2125 nostrorum
930 2101 1104 2125 sensuum
1127 2090 1292 2132 influunt,
1310 2090 1343 2124 δι
1360 2100 1418 2124 res

165 2144 341 2188 obJectaS,
366 2145 513 2179 tametsi
542 2146 691 2188 distant,
717 2152 756 2179 ut
789 2152 989 2190 praesentes
1020 2146 1051 2180 ἃ
1084 2146 1189 2190 quasi
1215 2145 1419 2188 contiguas,

165 2199 310 2242 sistunt,
341 2199 373 2233 &
401 2207 664 2245 repraesentant
683 2213 690 2235 :
722 2201 789 2234 has
822 2200 1001 2235 Sensoriis
1032 2201 1167 2235 nostris
1196 2200 1354 2233 Auditus
1385 2199 1418 2233 δε

165 2253 277 2287 Visus
307 2254 484 2299 capimus.
537 2256 617 2289 Nos
647 2266 710 2289 eas
741 2261 779 2289 ut
807 2255 973 2299 proprias
1002 2255 1108 2289 nobis
1139 2255 1316 2297 dicamus,
1343 2254 1418 2287 vita

166 2308 358 2353 donamus,
377 2309 408 2343 ἃ
434 2309 471 2343 in
498 2310 735 2345 Sensationes
760 2310 944 2345 vertimus.
997 2310 1172 2344 Similiter
1196 2309 1308 2344 etiam
1335 2309 1418 2343 sub-
