1783 2760
372 217 449 250 DE
484 215 614 259 com
620 214 743 250 UGJO
775 213 1157 249 PRIMOGENJTJ.
1347 222 1390 256 23

141 313 290 366 primis
312 312 368 353 ad
390 312 554 360 ultima,
577 311 615 351 &
637 310 692 350 ab
714 309 877 349 ultimis
900 310 955 350 ad
977 310 1128 363 prima,
1149 309 1242 350 fluit
1265 309 1389 350 reflu-

140 383 287 435 itque3
320 381 357 422 &
389 382 491 434 quia
522 380 643 419 Deus
675 379 718 418 in
748 378 822 418 illo
847 379 957 418 sicut
979 379 1021 418 in
1046 378 1201 431 Seipso
1222 384 1300 427 est,
1322 378 1393 418 hic

144 450 266 492 Ordo
299 451 439 502 ipsum
471 448 600 488 refert
635 447 807 487 Deum:
840 446 1006 487 Omnes
1040 446 1125 486 illae
1154 447 1392 487 infinitates

145 524 430 572 respectuum‚
451 517 524 569 qui
559 529 605 555 se
639 516 680 555 in
717 515 895 564 Formis,
918 515 1028 555 sicut
1050 515 1266 564 audivisti,
1292 528 1394 554 con-

145 593 353 636 centrant,
370 586 412 625 in
429 585 546 625 hunc
564 583 775 625 Ordinem
797 584 1043 637 explicatae,
1059 584 1119 623 ita
1141 583 1196 623 ad
1218 584 1393 624 unicum

145 655 396 707 conspirant
419 653 561 702 finem,
584 653 696 693 sicut
718 652 915 706 perpetui
939 652 1097 693 Circuli
1126 652 1181 691 ad
1213 651 1396 692 Centro-

145 736 239 763 rum
271 735 446 762 suorum
484 722 719 762 Centrum:
759 734 892 773 quare
924 721 967 760 in
1011 720 1084 761 illo
1119 720 1223 760 nihil
1257 720 1395 769 datur,

146 791 262 843 quod
305 791 497 830 Numine
532 804 619 830 non
653 790 834 842 plenum
868 795 961 840 est;
1000 789 1039 829 &
1076 789 1183 829 nihil
1217 802 1303 829 non
1338 789 1395 829 ab

148 859 242 908 Illo,
284 859 394 899 sicut
444 872 470 899 a
491 858 617 902 ,Sole
657 863 865 907 coruscat,
907 857 945 897 &
987 857 1205 898 caelestem
1255 857 1396 897 induit

144 928 304 977 vitam;
334 927 428 980 ipsa
448 927 580 967 etiarn
602 927 771 966 Natura
791 926 892 966 inde
913 925 1188 978 splendescit,
1213 926 1250 966 ἃ
1274 927 1396 978 quasi

146 996 340 1036 animata
360 995 465 1035 vivit
485 1009 494 1045 ;
524 1008 625 1034 nam
648 1008 723 1047 per
744 994 862 1034 illam
884 994 969 1034 itur
987 994 1043 1034 ad
1067 994 1219 1035 ultima
1234 995 1395 1044 finium,

149 1063 187 1104 ἃ
236 1064 290 1103 ab
341 1063 406 1103 his
449 1064 672 1116 respicitur
707 1063 908 1115 primum.
984 1063 1096 1103 Cum
1142 1063 1291 1104 Puella
1329 1063 1396 1104 his

148 1132 309 1172 diutius
343 1145 400 1171 ex
435 1131 602 1171 infinita
633 1131 922 1171 delectatione
959 1130 1203 1172 intenderet
1245 1133 1397 1181 visum,

148 1200 329 1253 fulguris
365 1200 500 1240 instar
535 1213 702 1239 sacram
737 1199 900 1239 Mentis
933 1198 1025 1251 ejus
1052 1184 1396 1252 perstrinxit‘lu-

148 1283 271 1320 cem;
305 1269 342 1309 &
375 1283 426 1309 eo
463 1269 557 1321 ipso
593 1269 784 1318 instanti,
806 1269 848 1308 in
878 1268 1055 1308 interius
1085 1269 1252 1310 Caelum
1275 1271 1398 1323 quasi

148 1337 314 1390 illapsa,
335 1338 494 1386 omnia,
518 1350 616 1389 quae
645 1336 857 1377 hactenus
886 1337 930 1376 in
961 1342 1080 1389 typo,
1102 1337 1145 1377 in
1178 1338 1270 1391 ipsa
1297 1352 1398 1378 con-

150 1406 362 1459 spiciebat
384 1406 492 1446 idea.

206 1485 272 1526 99.
306 1474 416 1515 Cum
440 1487 551 1514 nova
572 1472 664 1513 haec
686 1473 903 1523 Caelicola,
925 1473 1198 1515 faustissimis
1223 1474 1396 1525 laetitiis,

151 1556 240 1582 suae
264 1542 425 1582 Mentis
448 1542 601 1581 intima
621 1542 889 1594 aliquamdiu
912 1543 1090 1595 paverit,
1109 1543 1254 1584 subito
1276 1545 1398 1596 quasi

151 1611 331 1663 relapsa,
351 1609 510 1650 ocellos
544 1610 694 1663 digito,
716 1616 763 1650 ut
792 1610 908 1663 prior
938 1611 1071 1651 menti
1094 1612 1253 1652 rediret
1275 1605 1398 1660 acies,

151 1679 349 1718 alacriter
370 1679 503 1728 tersit,
522 1677 560 1718 ἃ
583 1679 642 1718 sic
660 1679 815 1718 iterum
835 1678 1068 1719 Caelestem
1086 1693 1209 1720 suam
1232 1681 1401 1728 intuita,

152 1760 294 1800 perge,
316 1747 489 1800 quaeso!
522 1747 678 1796 aiebat,
702 1747 739 1787 δε
769 1753 845 1787 tuo
873 1753 965 1787 tam
993 1748 1101 1788 scito
1130 1747 1302 1801 eloquio
1331 1763 1401 1790 me

152 1816 328 1864 instrue,
359 1829 504 1855 annon
537 1815 606 1855 hic
639 1815 761 1856 Ordo
796 1829 842 1855 se
874 1815 919 1855 in
953 1816 1095 1868 effigie
1125 1817 1399 1870 perspicuum

153 1885 288 1932 sistat,
311 1897 411 1923 nam
434 1884 543 1924 sicut
565 1883 635 1923 ille
665 1897 690 1923 a
716 1883 878 1924 Centro
907 1884 950 1923 in
981 1890 1212 1936 perpetuas
1242 1885 1401 1926 labitur

152 1952 321 2009 helices,
346 1951 383 1992 δε
405 1952 636 1992 defluendo
658 1951 864 2003 panditur
895 1951 932 1991 &
964 1953 1127 2003 crescit,
1150 1966 1283 2006 seque
1304 1954 1401 1995 ulti-

156 2020 236 2059 mis
268 2026 434 2060 naturae
470 2019 616 2059 formis
651 2019 831 2059 involvit
867 2019 905 2060 81
930 2020 1101 2069 evolvit,
1130 2022 1191 2062 ita
1222 2022 1402 2063 forsitan

154 2101 199 2127 se
232 2094 324 2128 tam
355 2088 572 2128 luculente
604 2087 809 2139 explicat,
840 2093 887 2128 ut
919 2101 965 2128 se
997 2094 1138 2129 totum
1166 2091 1403 2142 patefaciat

156 2156 321 2195 sensui:
351 2156 406 2196 ad
438 2155 530 2196 haec
560 2156 687 2203 Diva,
709 2155 836 2207 hujus
864 2155 1066 2196 desiderii
1097 2163 1216 2198 tacta
1241 2172 1400 2208 amore,

155 2224 190 2263 si
213 2223 329 2272 libet,
351 2224 500 2276 inquit,
523 2225 655 2264 etiam
675 2223 742 2263 his
763 2224 849 2263 tuis
865 2224 978 2264 votis
995 2224 1208 2266 favebitur
1227 2241 1236 2276 ;
1259 2228 1404 2279 aspice

154 2291 302 2331 Meam
321 2291 506 2340 Faciem,
525 2298 599 2332 aut
621 2292 663 2331 in
685 2291 816 2332 fontis
837 2291 900 2332 tui
923 2294 1048 2345 aqua,
1065 2294 1211 2346 aspice
1231 2294 1373 2335 Tuam
1393 2310 1403 2346 ;

156 2359 193 2399 &
215 2365 290 2399 tua
312 2358 350 2399 &
374 2373 470 2400 mea
492 2359 612 2401 illum
634 2360 830 2400 ordinem
853 2366 999 2414 portat
1031 2362 1074 2402 in
1100 2362 1240 2416 effigie
1260 2377 1269 2415 ;
1300 2377 1402 2404 nam

775 2437 800 2467 P
