1835 2672
334 133 398 175 178
526 133 712 168 CAPUT
739 134 1061 179 SECUNDUM,
1095 134 1292 169 SECTJO
1325 134 1400 169 III.

332 244 466 283 quam
490 232 761 272 transcendit
782 245 791 281 ;
822 238 923 274 sunt
946 233 1069 285 quasi
1092 232 1221 273 scalae
1256 232 1293 273 81
1326 232 1502 286 gradus,
1524 246 1602 285 per

337 314 447 352 quos
469 314 494 340 a
519 300 640 341 Caelo
661 301 704 340 in
727 307 930 341 naturam
955 302 1246 351 descenditur,
1273 302 1310 342 ἃ
1333 316 1358 342 a
1381 308 1536 341 natura
1558 302 1599 341 in

333 369 503 410 Caelum
528 370 808 417 ascenditur;
839 370 1022 422 proinde
1047 377 1196 410 noster
1219 370 1362 411 Amor
1391 384 1490 410 cum
1523 373 1602 410 sua

331 438 421 478 vita
455 438 630 486 caelesti,
655 452 741 477 non
776 439 856 478 nisi
894 452 1027 491 quam
1063 453 1140 491 per
1177 440 1446 479 mediantem
1481 439 1600 479 illam

330 507 467 546 vitam
492 508 535 547 in
559 513 762 547 naturam
786 513 981 547 nostram
1006 509 1161 547 transit
1184 520 1191 556 ;
1221 508 1277 548 ob
1301 522 1432 561 quem
1457 508 1602 557 finem,

331 576 401 615 hic
437 575 535 615 fons
565 576 818 628 spiritualis,
843 576 897 616 de
930 590 1017 629 quo
1049 583 1141 616 tam
1175 577 1427 630 frequenter
1457 591 1602 630 supra,

335 644 475 684 factus
498 651 574 692 est,
592 645 628 685 ἃ
653 646 690 684 ei
712 645 859 684 anima
884 645 1094 685 naturalis
1118 647 1269 695 indita,
1286 647 1326 686 in
1352 660 1485 699 quam
1508 653 1600 686 tam

332 713 437 753 Vita
488 714 608 762 Caeli,
650 727 783 766 quam
831 714 1002 754 Natura
1053 715 1222 763 Mundi,
1259 715 1416 764 inferri,
1455 715 1493 756 ἃ
1541 717 1601 756 sic

333 789 530 835 utraque,
565 783 676 822 sicut
714 782 945 835 interjecto
976 790 1121 835 ponte,
1156 785 1369 824 contineri
1409 785 1446 825 ἃ
1483 798 1603 825 com-

334 851 461 900 mitti,
485 858 632 904 potest
653 865 661 900 ;
694 857 740 891 at
764 852 866 904 quia
888 852 1049 904 copula
1071 852 1145 892 illa
1168 853 1314 901 scissa,
1339 852 1376 893 ἃ
1402 854 1601 906 ponsille

333 921 456 972 quasi
489 920 684 960 revulsus
718 927 794 970 est,
818 920 963 961 Amor
995 929 1155 970 noster,
1180 922 1291 962 sicut
1317 923 1537 972 audivisti,
1559 923 1601 963 in

335 989 502 1029 medias
530 989 623 1042 ejus
653 990 807 1029 Furias
836 1004 883 1030 se
914 1004 1102 1043 pronum
1131 991 1331 1043 conjecit,
1357 997 1403 1031 ut
1428 992 1603 1032 Mentes

333 1059 549 1098 humanas
575 1058 696 1099 Caelo
719 1060 988 1110 vindicaret;
1022 1074 1156 1113 quare
1180 1061 1314 1100 etiam
1337 1075 1362 1101 a
1387 1060 1604 1113 Supremo

334 1128 371 1167 ei
395 1128 501 1168 data
523 1134 724 1180 potestas
747 1135 825 1177 est,
849 1142 949 1168 eum
970 1130 1201 1169 coercendi
1223 1129 1525 1183 fraenandique
1547 1130 1603 1170 ad

335 1197 530 1247 1ibitum;
560 1197 716 1237 eadem
742 1211 807 1237 res
830 1198 964 1237 etiam
989 1212 1104 1238 nunc
1129 1198 1165 1238 &
1190 1205 1403 1251 perpetuo
1433 1200 1605 1252 agitur;

335 1279 437 1305 nam
455 1265 599 1306 Amor
620 1273 770 1306 noster
790 1280 890 1306 cum
913 1267 1019 1307 Vita
1042 1267 1146 1317 caeli,
1165 1268 1207 1307 in
1232 1267 1324 1320 ejus
1342 1268 1490 1317 vitam,
1506 1281 1604 1320 quae

335 1335 545 1375 naturalis
570 1335 607 1375 ἃ
632 1336 761 1375 morti
784 1336 990 1375 addicata
1008 1342 1084 1385 est,
1100 1350 1145 1376 se
1164 1336 1316 1388 injicit,
1332 1336 1370 1376 &
1386 1337 1447 1376 sic
1463 1337 1604 1389 ipsam

337 1403 430 1455 ejus
452 1403 679 1452 Animam,
704 1417 727 1443 e
749 1418 836 1456 qua
859 1417 1011 1444 omnes
1039 1404 1133 1456 ejus
1162 1411 1346 1444 conatus
1379 1405 1422 1444 in
1455 1410 1604 1444 actum

335 1478 583 1525 erumpunt,
607 1472 790 1525 proinde
813 1486 913 1512 eum
931 1479 1086 1520 totum,
1103 1473 1158 1513 ab
1177 1474 1354 1522 intimis,
1374 1474 1605 1513 actualiter

336 1542 488 1582 domat
526 1541 563 1582 δε
597 1541 819 1593 subjugat,
844 1547 891 1581 ut
925 1555 979 1581 ne
1009 1541 1147 1581 hilum
1171 1541 1338 1591 furoris,
1360 1542 1602 1582 secundum

336 1610 552 1662 impetum
584 1609 622 1648 ἃ
653 1610 854 1649 ardorem
886 1622 1026 1658 suum,
1053 1609 1276 1649 effundere
1308 1616 1468 1662 queat;
1503 1611 1604 1650 inde

337 1679 550 1718 sistuntur
570 1691 724 1718 omnes
742 1678 835 1730 ejus
852 1684 1047 1727 conatus,
1065 1692 1114 1718 ac
1133 1685 1388 1719 coercentur
1403 1679 1605 1728 insaniae;

338 1747 375 1787 &
412 1746 541 1786 simul
579 1746 636 1786 ad
671 1748 820 1787 omnia
842 1761 921 1787 sua
943 1747 1097 1796 officia,
1121 1748 1175 1787 ad
1199 1762 1297 1801 quae
1321 1748 1525 1788 obeunda
1547 1748 1603 1787 ab

338 1815 462 1856 initio
485 1816 715 1855 devinctus
738 1823 815 1865 est,
838 1830 863 1856 a
885 1817 925 1856 vi
949 1817 1170 1869 superiore
1193 1823 1268 1857 aut
1292 1817 1495 1856 interiore
1527 1816 1605 1856 Di-

337 1885 438 1924 vina
460 1884 653 1936 adigitur
677 1899 684 1934 ;
718 1884 799 1924 hac
822 1885 992 1925 ratione
1016 1885 1258 1925 restituitur
1280 1885 1353 1925 illa
1376 1886 1544 1939 copula,
1566 1885 1604 1925 &

338 1954 617 1993 vindicantur
640 1954 814 1994 Mentes
840 1954 987 2005 Cae10;
1022 1960 1068 1994 ut
1092 1954 1129 1994 ἃ
1154 1955 1297 1994 Amor
1327 1960 1474 1994 noster
1503 1968 1602 1994 cum

338 2022 500 2062 caelesti
523 2022 613 2061 vita
636 2023 678 2061 in
708 2024 954 2063 universam
990 2029 1191 2063 naturam
1227 2024 1361 2063 nostri
1398 2024 1605 2076 Corporis

339 2091 491 2131 influit.
557 2090 656 2130 Hoc
679 2091 843 2130 Divino
876 2091 1102 2141 beneficio,
1126 2092 1265 2131 hostis
1294 2092 1424 2144 hujus
1457 2093 1605 2132 anima

339 2161 569 2213 subigitur,
607 2160 644 2200 δε
686 2161 746 2199 sic
790 2160 934 2213 ipsum
973 2161 1064 2214 ejus
1108 2167 1240 2214 caput
1277 2162 1526 2212 conteritur,
1566 2161 1603 2201 &

339 2235 518 2269 truncus
541 2228 633 2281 ejus
650 2230 853 2282 corporis,
871 2228 957 2269 una
979 2244 1077 2269 cum
1098 2231 1264 2271 caeteris
1284 2231 1468 2271 inimicis
1486 2231 1604 2271 simi-

340 2298 436 2338 liter
471 2298 652 2347 affectis,
681 2297 774 2350 ejus
808 2298 972 2339 scilicet
1008 2299 1159 2352 geniis,
1187 2300 1297 2340 sicut
1331 2306 1604 2340 transversus

1560 2404 1586 2424 Ρ
