1783 2760
399 194 477 228 DE
511 192 770 237 CONJUGJO
798 191 1178 227 PRIMOGENJTJ.
1365 200 1407 233 27

167 290 210 330 id
240 289 466 330 manifeste
493 288 647 329 imbuit
674 288 855 336 vultum,
879 302 1012 342 seque
1039 302 1091 329 eo
1123 287 1316 341 explicat
1343 301 1408 327 or-

166 358 277 408 dine,
299 372 387 411 quo
408 357 611 397 fibrarum
633 356 866 408 principiis,
888 356 925 396 81
948 357 1135 409 denique
1155 357 1258 409 ipsis
1280 355 1407 405 fibris,

165 427 302 476 inest;
331 426 434 466 Vita
460 424 622 464 scilicet
651 423 851 476 Supremi
882 424 938 464 ab
969 425 1157 474 intimis;
1188 425 1292 464 Vita
1316 424 1409 465 Cae-

164 494 283 534 lestis
316 507 390 534 seu
421 493 527 545 Ejus
553 492 742 541 Amoris,
764 492 819 532 ab
851 491 901 532 iis
929 493 1153 544 proxime;
1185 498 1279 532 tum
1305 492 1409 532 Vita

167 562 360 602 medians
391 574 465 600 seu
498 560 747 611 Naturalis,
778 560 966 613 denique
997 561 1090 612 ipsa
1118 560 1287 600 Natura
1311 574 1409 612 quae

164 629 358 669 ordinem
386 629 516 668 istum
541 629 582 667 in
609 641 666 676 se,
687 627 868 680 proinde
898 628 941 667 in
974 627 1125 680 effigie,
1147 633 1318 680 portat:
1349 628 1409 667 sic

163 710 335 751 prorsus
354 697 591 737 secundum
617 696 736 736 fibrae
767 710 904 750 nuper
934 696 1140 748 inspectae
1174 695 1409 736 confascia-

162 766 302 814 tionis,
347 764 384 804 ἃ
426 765 731 818 principiorum
775 764 866 817 ejus
915 763 1201 813 involutionis,
1243 763 1408 804 seriem.

163 833 273 874 Inde
304 833 437 873 etiam
466 833 661 885 patescit,
684 832 906 885 quomodo
936 833 1175 872 secundum
1206 845 1305 871 eum
1329 831 1409 872 Or-

162 902 309 942 dinem
338 902 480 954 priora
511 915 556 941 se
587 901 814 941 involvunt
843 900 1164 953 posterioribus,
1188 899 1226 940 &
1257 900 1312 939 ab
1342 898 1408 939 his

161 983 206 1009 se
224 970 382 1022 iterum
404 969 609 1009 evolvunt
627 983 636 1019 ;
668 968 706 1009 ἃ
728 969 787 1008 sic
807 968 1029 1021 quomodo
1056 981 1213 1020 gyrum
1234 981 1360 1007 suum
1382 982 1408 1008 a

161 1038 309 1090 primis
327 1037 383 1077 ad
405 1037 569 1086 ultima,
590 1036 627 1076 ἃ
650 1036 705 1076 ab
727 1036 890 1077 ultimis
907 1036 963 1077 ad
985 1036 1136 1089 prima,
1155 1035 1407 1086 instituunt;

163 1106 306 1146 Prima
333 1105 447 1146 enim
478 1105 800 1154 Posterioribus,
821 1105 930 1145 sicut
957 1104 1117 1145 Centra
1141 1103 1406 1156 Peripheriis,

161 1180 237 1214 aut
269 1174 422 1214 intima
454 1173 593 1213 nuclei
625 1174 839 1226 putamini
868 1173 905 1213 &
933 1173 1067 1221 testis,
1089 1186 1134 1212 se
1156 1171 1408 1221 involvunt3

161 1256 292 1294 seque
322 1241 612 1291 consimiliter,
638 1241 715 1281 sed
744 1247 867 1288 retro,
890 1241 1001 1281 sicut
1029 1240 1184 1289 fasciae,
1207 1239 1264 1279 ab
1295 1239 1407 1279 exti-

163 1311 243 1350 mis
265 1310 320 1350 ad
343 1310 506 1358 intima,
530 1315 578 1349 ut
608 1309 798 1359 redeant,
822 1309 1051 1350 evolvunt:
1083 1310 1143 1349 ita
1163 1322 1250 1349 non
1272 1308 1397 1349 aliter

163 1378 304 1431 Gyrus
341 1378 397 1418 ab
432 1384 594 1418 aeterno
628 1378 833 1430 provisus,
869 1378 906 1419 &
939 1391 964 1418 a
995 1378 1135 1430 prima
1176 1377 1406 1418 Creatione

159 1446 432 1495 instauratus,
455 1445 681 1498 perficitur.

224 1525 311 1554 100.
344 1513 431 1554 Sed
453 1513 521 1553 hic
545 1513 665 1555 Ordo
686 1513 727 1553 in
750 1513 994 1554 substantia
1021 1514 1058 1554 &
1081 1513 1230 1566 effigie,
1254 1513 1297 1553 id
1327 1519 1402 1563 est,

162 1583 205 1622 in
227 1581 344 1631 facie,
369 1587 599 1634 spectatus,
621 1582 776 1622 dicitur
807 1581 1086 1623 Pulchritudo
1118 1582 1155 1623 &
1188 1583 1403 1623 Formosi-

161 1656 240 1699 tas,
263 1650 383 1702 cujus
407 1649 615 1690 Perfectio
636 1663 692 1689 ex
716 1663 926 1690 consensu
957 1651 1152 1690 omnium
1182 1651 1403 1691 Essentia-

161 1718 277 1768 lium,
307 1718 363 1758 ab
393 1718 555 1758 intimis
585 1718 641 1758 ad
674 1719 849 1767 extima,
882 1719 1121 1769 enascitur;
1153 1719 1315 1759 scilicet
1346 1732 1402 1759 ex

160 1786 542 1838 correspondentia
561 1786 676 1825 Vitae
698 1798 796 1825 cum
817 1799 894 1825 suo
914 1785 1134 1838 Spirituali
1153 1785 1306 1827 Calore
1327 1792 1403 1826 aut

161 1854 270 1907 igne,
295 1853 332 1893 δι
355 1853 454 1893 inde
476 1854 646 1893 oriundi
671 1853 848 1906 fulgoris
874 1867 972 1893 cum
1000 1867 1077 1894 sua
1108 1853 1299 1907 sandyce
1328 1861 1404 1894 aut

161 1923 348 1962 tinctura
368 1921 534 1971 coloris,
555 1934 631 1974 per
652 1935 793 1974 quem,
815 1921 956 1974 ipsum
987 1922 1236 1962 flammeum
1267 1922 1403 1975 pellu-

162 1996 267 2040 ceat,
290 1990 327 2030 δι
349 1990 526 2030 demum
551 1988 678 2041 hujus
704 1988 818 2029 floris
843 2003 941 2029 cum
970 1989 1269 2042 designatione
1299 1990 1402 2030 line-

162 2072 283 2098 arum
317 2072 393 2112 per
427 2057 556 2097 fibras
596 2058 834 2097 secundum
873 2057 1195 2099 harmoniarum
1236 2064 1401 2099 naturae

163 2126 279 2179 leges
297 2140 305 2175 ;
334 2140 431 2178 quae
453 2126 600 2166 omnia
619 2139 665 2165 se
687 2125 851 2174 ultimo,
873 2126 916 2165 in
949 2125 1083 2166 Plano
1112 2126 1266 2167 decore
1287 2127 1399 2166 sinu-

163 2200 247 2241 ato,
270 2194 448 2234 visenda
469 2194 734 2247 praebebunt.
794 2193 883 2235 Sed
904 2195 1097 2235 omnium
1122 2195 1276 2235 horum
1302 2208 1401 2235 con-

161 2262 302 2302 sensio
316 2262 478 2315 absque
497 2261 717 2315 Spirituali
733 2262 900 2302 unionis
917 2263 1137 2316 principio,
1153 2277 1227 2303 seu
1236 2262 1402 2303 Amore

162 2331 205 2372 in
237 2330 460 2383 ipsissimis
489 2331 605 2372 Vitae
635 2330 775 2380 radiis,
806 2344 1018 2384 nusquam
1050 2332 1229 2383 existit;
1261 2345 1318 2372 ex
1349 2345 1399 2372 eo
