1835 2672
457 176 501 209 24
867 166 1013 201 PARS
1043 166 1317 209 SECUNDA,

456 265 662 318 quicquid
700 271 786 306 tuae
820 266 936 306 intus
967 266 1136 319 agitant
1162 266 1348 315 Mentes‚
1374 265 1412 306 &
1444 279 1563 319 quaS,
1590 267 1719 308 Desi-

454 334 573 375 deria
605 335 856 387 concipiunt
890 335 1161 388 pariuntque,
1192 349 1266 376 seu
1303 334 1494 375 Amores
1523 342 1717 385 versant,

455 403 588 452 ideaS,
609 403 757 443 omnia
793 404 904 443 sicut
936 403 1157 456 exscripta
1189 404 1231 442 in
1261 409 1338 443 tuo
1364 402 1487 443 vultu
1521 403 1719 456 legimus,

455 472 550 511 Nos
570 471 777 513 Caelestes
798 472 841 512 id
864 471 1053 512 dilucide
1075 472 1291 512 cernimus
1312 487 1320 522 ;
1342 472 1467 512 sicuti
1486 472 1591 524 jam,
1607 486 1715 525 quo-

457 540 589 580 modo
611 540 680 580 hic
701 546 848 580 noster
867 554 1010 580 sermo
1031 540 1110 580 tibi
1138 541 1249 580 ridet
1272 540 1309 580 δε
1332 540 1581 582 blanditur:
1614 555 1716 582 nam

457 609 630 648 Formae
650 609 743 649 istae
761 622 899 662 nuper
920 609 962 648 in
980 608 1186 649 fibrarum
1207 609 1429 662 principiis
1452 608 1651 659 evolutae,
1673 610 1716 649 in

456 678 697 730 unaquavis
719 677 874 717 fibrula
895 677 957 717 tui
979 676 1138 726 vultus,
1161 690 1247 717 una
1269 678 1382 717 intra
1405 676 1600 727 alteram,
1623 683 1716 718 tam

455 753 638 787 venuste
658 747 828 786 variant
850 759 951 785 suos
971 750 1123 794 statuS,
1146 751 1194 785 ut
1219 746 1351 786 etiam
1383 746 1561 787 Ordinis
1589 746 1718 799 hujus

457 817 642 868 ignaros,
661 829 718 855 ex
741 815 892 866 seipsis
915 814 1142 861 instruant,
1159 814 1265 866 quid
1288 814 1374 854 illae
1394 815 1510 855 intus
1528 821 1717 864 versant,

459 884 495 924 &
530 883 753 936 quomodo
791 882 977 922 influunt
1004 882 1047 922 in
1076 895 1123 922 se
1154 887 1337 933 mutu03
1370 896 1443 923 eas
1468 883 1618 935 itaque
1639 896 1718 923 suo

458 953 609 993 ordine
630 951 933 1000 exfasciemus‚
957 956 1004 991 ut
1032 951 1278 1003 signaturas
1308 952 1602 991 mutationum
1631 957 1718 992 sta-

455 1029 536 1071 tus,
554 1020 814 1061 luculentius
832 1018 1192 1073 comprehendas.
1245 1020 1428 1060 Extima
1447 1020 1618 1069 Forma,
1638 1033 1714 1060 seu

460 1089 717 1131 Communis
747 1095 834 1129 tuae
868 1089 1024 1137 Faciei,
1046 1094 1112 1128 est
1133 1088 1257 1141 quasi
1280 1088 1474 1138 Tabella,
1499 1089 1567 1128 cui
1590 1102 1716 1142 argu-

458 1165 608 1199 menta
640 1158 903 1211 reliquarum
936 1157 1175 1197 formarum
1199 1157 1407 1210 inscripta
1429 1163 1543 1205 sunt,
1567 1157 1605 1197 &
1627 1171 1718 1198 cor-

458 1227 693 1281 respondet
736 1227 806 1266 isti
848 1226 1030 1275 Formae,
1068 1240 1167 1278 quae
1210 1225 1434 1280 Sphaerica
1474 1226 1592 1266 dicta
1627 1231 1719 1266 est:

458 1297 615 1337 Altera
653 1309 755 1336 vero
796 1309 870 1335 seu
912 1294 1119 1347 Superior
1159 1294 1394 1343 Naturalis,
1431 1308 1488 1335 ex
1530 1294 1717 1334 mirabili

458 1366 665 1405 fibrarum
691 1364 937 1404 motricium
958 1377 1033 1404 seu
1058 1363 1368 1404 muscularium
1391 1363 1597 1403 fluxionis
1614 1363 1718 1403 orbe

458 1434 619 1475 circum
648 1434 734 1473 oris
762 1433 825 1473 tui
857 1432 1009 1481 Labia,
1034 1431 1071 1472 δε
1102 1432 1326 1485 utriusque
1356 1431 1484 1474 Oculi
1510 1431 1621 1472 Vela
1645 1431 1719 1486 (a),

507 1563 558 1607 (a)
587 1564 640 1598 Ut
658 1563 809 1605 eluceat,
828 1561 1015 1607 quomodo
1033 1561 1135 1596 fibrae
1149 1561 1333 1605 motrices,
1347 1572 1412 1596 seu
1429 1561 1587 1595 Musculi
1600 1560 1719 1605 faciei,

460 1630 545 1653 suos
563 1619 683 1653 vultus
702 1618 875 1661 effigiant,
894 1617 926 1651 ἃς
945 1628 1073 1651 omnes
1092 1616 1216 1650 Animi
1235 1616 1291 1650 sui
1317 1616 1533 1651 affectiones
1560 1616 1719 1660 signant,

459 1685 653 1709 necessum
671 1681 739 1716 est,
754 1679 792 1707 ut
810 1683 885 1706 non
903 1672 1022 1706 solum
1041 1683 1167 1706 eorum
1185 1672 1296 1706 situm
1315 1672 1347 1706 ἃ
1365 1683 1510 1715 nexum,
1524 1671 1590 1705 sed
1607 1672 1719 1706 etiam

460 1730 624 1764 omnium
643 1739 889 1769 communem,
908 1727 941 1761 &
960 1727 1187 1771 singulorum
1212 1727 1472 1772 particularem
1498 1733 1720 1772 respectum,

462 1785 493 1819 ὃς
515 1784 718 1819 secundum
740 1794 836 1826 eum,
854 1783 1096 1817 directionem
1119 1783 1168 1817 ad
1193 1794 1260 1817 sua
1288 1783 1434 1826 Centra,
1452 1783 1693 1827 perrimemur
1712 1794 1719 1816 ε

464 1839 761 1885 Quodfluxiom's
778 1849 902 1871 eornm
924 1838 1033 1872 Orbis
1050 1838 1188 1872 circum
1209 1839 1297 1873 Oris
1313 1838 1441 1882 Labia,
1460 1838 1508 1872 ὅθ
1526 1839 1720 1882 utriusque

464 1895 574 1929 Oculi
597 1895 681 1928 Vela
690 1894 919 1938 pwficiczlur,
933 1904 976 1927 ex
993 1893 1063 1927 hac
1078 1904 1204 1927 eorum
1219 1892 1530 1938 descriptiuncula
1547 1900 1719 1928 constare

460 1956 590 1993 potest.
643 1950 681 1982 Si
702 1949 891 1982 Musculos
913 1948 1038 1983 Faciei
1061 1948 1264 1983 secundum
1288 1960 1373 1983 suas
1400 1948 1620 1983 directiones
1647 1949 1719 1983 lus-

460 2011 556 2038 trare
574 2004 741 2046 velimus,
759 2002 1029 2037 consideranda
1046 2010 1102 2037 est
1122 2004 1217 2037 Caro
1236 2003 1296 2037 illa
1313 2004 1524 2037 musculosa
1541 2010 1719 2049 tanquam

461 2060 580 2095 divisa
599 2060 635 2092 in
655 2060 746 2092 Tres
768 2059 978 2102 Regiones3
1006 2069 1162 2103 quarum
1186 2059 1322 2093 Prima
1347 2059 1539 2094 descendit
1562 2060 1610 2093 ab
1636 2059 1717 2103 ipso

464 2115 709 2159 Frontispicio
732 2125 848 2158 usque
871 2114 919 2147 ad
944 2114 1037 2148 Cilia
1057 2114 1248 2158 Palpebrae
1266 2114 1474 2159 superioris,
1493 2115 1595 2158 cujus
1616 2115 1717 2148 Mus-

462 2171 532 2205 culi
553 2177 647 2214 sunt,
668 2170 870 2212 Frontales,
886 2170 1149 2213 Corrugatores
1165 2170 1459 2214 Supereiliorum,
1478 2170 1719 2215 Pyramidalis

465 2227 569 2269 Nasi,
584 2225 851 2260 Constrictores
872 2236 934 2259 seu
952 2225 1186 2259 Orbiculares
1201 2225 1461 2269 palpebrarum
1480 2225 1719 2270 superiorum,

464 2282 495 2316 ἃ
514 2281 716 2316 earundem
742 2280 967 2314 Elevatores.
1019 2280 1187 2314 Secunda
1209 2281 1334 2325 incipit
1359 2292 1380 2314 a
1407 2281 1509 2315 Ciliis
1532 2280 1720 2325 palpebrae

464 2336 653 2380 inferioris,
681 2336 713 2370 δι
740 2336 876 2370 desinit
906 2336 941 2369 in
973 2335 1227 2370 Orbicularem
1256 2335 1360 2370 Labii
1388 2335 1595 2381 superioris,
1617 2335 1719 2380 cujus
