1835 2672
324 121 370 164 48
547 120 731 156 CAPUT
760 119 1079 164 SECUNDUM,
1113 119 1306 155 SECTJO
1340 120 1370 154 J.

327 225 544 273 quatenus
563 219 604 260 in
623 221 701 260 sua
715 221 834 269 serie,
851 220 1033 273 proinde
1047 233 1126 260 suo
1142 220 1285 268 modo,
1302 219 1356 259 ad
1375 218 1589 268 ultimum,

327 303 402 329 seu
427 289 580 329 Finem
603 289 767 338 finium,
791 290 956 330 ducunt
980 289 1017 330 ἃ
1040 290 1303 342 conspirant.

388 367 450 409 35.
482 359 648 399 Anima
667 359 749 399 hoc
770 359 987 399 desiderio
1014 358 1212 411 flagrans,
1237 358 1346 398 sicut
1374 357 1512 407 Mens,
1535 356 1591 397 ad

330 428 567 480 imaginem
610 428 847 481 Supremae‚
887 428 1020 468 etiam
1062 428 1283 480 quendam
1326 425 1591 466 Mundulum

329 511 405 537 seu
430 497 783 546 Microcosmum,
804 497 859 537 ad
879 497 1065 550 effigiem
1084 496 1285 545 Maximi,
1301 495 1497 543 condere,
1516 493 1594 534 sed

330 580 418 606 non
448 580 504 606 ex
534 566 680 615 nihilo,
711 567 905 619 ingressa
933 572 1025 616 est;
1055 580 1112 605 ex
1144 571 1306 605 aeterno
1335 565 1522 612 decreto,
1546 569 1595 603 ut

331 649 383 676 eo
419 649 464 675 se
506 649 583 688 pro
626 635 819 687 Corpore
857 634 1065 681 indueret,
1103 640 1236 686 atque
1278 633 1320 672 in
1363 632 1447 681 illo,
1483 633 1595 672 sicut

330 704 554 757 quoddam
575 705 763 753 Numen,
779 709 939 756 ageret,
957 717 1012 742 ex
1028 703 1206 742 arbitrio
1221 716 1297 755 per
1316 701 1593 742 Intellectum

327 773 425 826 jura
440 773 774 821 administraret,
790 772 827 812 ἃ
842 772 935 824 ejus
953 777 1118 811 naturae
1134 771 1340 819 habenas,
1356 770 1595 810 secundum

333 843 586 883 intuitiones
606 855 717 891 suaS,
741 842 801 881 ita
830 847 1007 894 regeret,
1032 846 1079 880 ut
1099 840 1280 880 haberet
1302 840 1433 879 modo
1458 839 1598 879 inten-

332 912 435 951 dere
455 911 575 959 fines,
598 917 702 950 tunc
725 910 883 958 omnia,
907 923 1004 961 quae
1026 922 1211 961 usquam
1241 909 1282 948 in
1313 922 1364 948 eo
1394 922 1450 948 ex
1478 907 1597 948 fibris

333 986 543 1020 contexta
562 985 717 1028 essent,
735 978 891 1018 finibus
910 978 992 1017 illis
1010 977 1298 1026 conformiter,
1315 977 1356 1017 in
1375 977 1596 1029 obsequia,

333 1055 425 1088 tam
447 1061 584 1101 prone
607 1053 819 1100 tanquam
850 1060 936 1086 non
962 1046 1094 1098 jussa,
1120 1052 1317 1096 ruerent,
1350 1059 1437 1098 quo
1465 1046 1597 1086 etiam

335 1117 516 1158 Naturae
554 1117 780 1158 Universae
818 1115 1115 1155 obedientiam
1152 1128 1255 1167 erga
1286 1114 1483 1154 omnium
1517 1114 1598 1154 Po-

334 1192 501 1226 tentem
525 1186 789 1232 Creatorem,
815 1184 856 1223 in
881 1197 937 1233 se,
962 1189 1008 1223 ut
1038 1183 1080 1223 in
1109 1183 1272 1236 exiguo
1301 1182 1512 1232 universo,
1536 1196 1600 1223 re-

334 1260 632 1308 praesentaret,
667 1252 704 1293 Sc
737 1258 944 1293 testatam
975 1252 1186 1292 redderet.
1249 1252 1343 1292 Nec
1376 1265 1508 1301 mora,
1541 1265 1599 1292 ex

336 1323 548 1364 fonticulo
580 1336 669 1362 suae
706 1322 818 1369 vitae,
854 1327 1066 1373 tanquam
1096 1335 1119 1360 e
1151 1320 1331 1373 parvulo
1364 1320 1526 1370 Sidere,
1557 1320 1600 1360 in

339 1392 422 1434 Ovi
441 1397 714 1445 apparatum,
730 1391 937 1430 virtutem
955 1403 1092 1438 suam,
1109 1389 1219 1429 sicut
1236 1389 1393 1439 radios,
1407 1389 1601 1429 evibrare

337 1461 478 1513 caepit,
498 1460 535 1499 ἃ
559 1474 616 1499 ex
641 1460 690 1498 iis
714 1460 755 1498 in
778 1459 963 1499 caelestis
986 1458 1137 1498 formae
1160 1458 1400 1511 sphaerulas
1422 1459 1600 1510 gyratis,

339 1529 561 1582 quendam
586 1528 844 1580 Olympum,
865 1533 941 1567 aut
963 1533 1119 1580 typum
1146 1526 1263 1574 Caeli,
1287 1527 1404 1579 quod
1437 1526 1603 1566 Intelli-

339 1599 512 1652 gentiiS,
536 1597 573 1637 δι
597 1611 745 1637 earum
776 1596 950 1636 famulis
984 1596 1187 1637 Scientiis
1218 1595 1255 1636 ἃ
1290 1595 1600 1649 Experientiis,

339 1667 616 1709 incolendum
654 1666 887 1714 addiceret,
921 1666 1118 1705 omnium
1156 1665 1297 1717 primo
1329 1665 1603 1717 designavit;

341 1736 379 1776 &
413 1750 469 1776 ex
506 1735 591 1784 illo,
628 1734 807 1787 ejusque
842 1734 1074 1782 vorticulis,
1113 1734 1368 1773 tenuissima
1403 1734 1605 1783 stamina,

339 1811 481 1845 tractu
513 1803 694 1844 nebulas
722 1803 955 1855 aequantia,
977 1803 1164 1842 totidem
1195 1802 1400 1842 fibrarum
1429 1802 1602 1855 primas,

341 1874 507 1921 eduxit,
531 1879 577 1912 ut
609 1886 685 1925 per
716 1885 789 1911 eas
823 1871 1030 1922 Organici
1065 1870 1283 1923 Corporis,
1307 1870 1486 1923 ejusque
1507 1870 1604 1910 Vis-

341 1956 487 1983 cerum
505 1941 542 1981 ἃ
561 1941 873 1989 Membrorum,
890 1939 999 1979 telas
1014 1938 1297 1992 expediret&
1313 1939 1603 1979 concinnaret.

344 2013 414 2052 Ita
443 2025 519 2051 sua
547 2010 714 2058 talaria,
743 2009 810 2049 vel
839 2009 985 2062 potius
1015 2022 1114 2048 suas
1146 2008 1296 2057 scalas,
1331 2021 1409 2061 per
1438 2021 1547 2061 quas
1580 2022 1606 2048 a

344 2081 557 2134 supremis
575 2079 756 2118 Naturae
780 2077 974 2130 speculis,
994 2078 1065 2117 ubi
1085 2077 1177 2130 jam
1197 2077 1424 2126 residebat,
1440 2077 1495 2116 ad
1514 2077 1606 2129 ejus

344 2151 492 2197 imum,
519 2148 556 2188 δε
578 2149 638 2187 sic
662 2148 704 2186 in
735 2147 1002 2195 Paradisum,
1025 2151 1173 2199 posset
1204 2146 1479 2195 descendere,
1504 2159 1606 2186 con-

344 2225 508 2258 struere
531 2229 688 2256 exorsa
711 2221 786 2256 est.

406 2286 468 2339 36.
505 2285 592 2327 Sed
635 2285 768 2324 modo
811 2283 954 2324 adhuc
991 2283 1136 2324 Ovum
1171 2289 1275 2332 erat,
1311 2283 1352 2322 in
1390 2296 1478 2336 quo
1514 2281 1609 2323 haec
