1783 2760
380 158 456 195 DE
488 157 760 195 INFANTJA
797 155 1182 193 PRIMOGENJTJ.
1361 159 1402 193 61

156 272 206 301 ac
234 259 509 300 scientiarum
536 258 824 300 arcanissimis
853 258 890 299 81
921 259 1095 308 intimis,
1119 259 1162 298 in
1189 271 1268 297 suo
1303 257 1407 299 Cor-

155 342 271 382 pore,
305 334 514 382 perpetuo
549 329 664 381 agit:
709 334 938 381 eapropter
973 341 1028 368 ex
1060 328 1152 368 visu
1184 341 1261 367 suo
1294 340 1406 366 novo

154 396 267 437 illico
308 397 642 450 appercipiebat,
676 396 780 449 quid
818 396 1010 449 Corpori,
1044 396 1223 449 ejusque
1258 408 1405 435 secum

154 465 297 513 nexui,
313 465 538 518 prodesset
554 470 628 504 aut
646 464 857 504 officeret:
889 465 1075 504 Mimum
1098 463 1244 516 itaque
1266 477 1404 509 suum,

154 533 264 574 sicut
285 535 349 573 vis
377 547 510 586 agens
540 532 737 580 rotulam,
762 545 935 585 prorsus
964 532 1019 572 ad
1048 531 1233 572 lubitum
1260 545 1408 572 move-

154 601 240 650 bat,
256 615 429 654 quoque
443 601 583 649 vellet,
600 600 859 649 inflectebat,
875 601 1076 653 ipsosque
1094 599 1185 652 ejus
1204 599 1404 639 articulos

155 669 194 710 &
212 671 429 710 musculos
452 670 507 710 ad
530 669 719 719 effectus,
734 669 843 709 sicut
861 669 954 722 ipsa
968 683 1013 708 se
1030 669 1084 708 ad
1101 668 1217 717 fines,
1232 682 1405 720 prorsus

153 738 394 790 dirigebat;
424 752 556 791 quare
577 738 632 778 ad
655 738 841 791 primum
863 737 954 789 ejus
977 737 1216 777 intuitionis
1239 736 1405 776 nictum

155 806 402 847 Infantulus
443 821 500 847 ex
535 806 665 847 cubili
699 820 776 846 suo
810 805 1024 858 reptabat,
1057 805 1095 845 ἃ
1129 805 1277 857 digitis
1310 819 1406 858 pre-

153 874 374 916 hendebat
406 875 545 924 obvia,
577 875 652 915 sed
685 875 817 914 modo
849 874 1159 919 convenientia,
1190 879 1323 926 atque
1355 887 1406 914 ea

153 942 333 992 labellis,
375 950 585 997 tanquam
637 944 679 983 id
730 944 869 992 sciret,
908 943 1114 982 decenter
1163 942 1405 993 inferebat;

154 1012 397 1065 iterumque
423 1014 477 1053 ad
507 1026 633 1053 suum
666 1018 851 1052 stratum
884 1017 1056 1063 reptatu
1090 1024 1135 1051 se
1168 1009 1406 1051 referebat:

153 1080 374 1134 imperans
388 1081 461 1121 illa
477 1082 604 1121 Mens
617 1082 881 1133 quandoque
898 1080 1030 1120 etiam
1045 1092 1144 1119 eum
1159 1079 1405 1131 supinabat,

153 1149 228 1190 ubi
260 1150 355 1202 ipsa
387 1149 605 1190 stillicidia
633 1149 756 1189 lactis
782 1154 899 1188 recta
924 1148 966 1187 in
991 1147 1186 1187 osculum
1212 1147 1305 1199 ejus
1331 1148 1405 1188 de-

153 1217 371 1258 ciderent:
417 1218 490 1258 ubi
525 1218 766 1270 fragrantes
804 1217 981 1256 stabant
1014 1215 1150 1264 flores,
1186 1215 1237 1255 eo
1271 1216 1403 1256 etiam

155 1298 311 1326 manus
351 1285 443 1338 ejus
493 1285 759 1338 exporrexit,
801 1285 1082 1337 admovitque
1131 1284 1315 1334 naribus,
1358 1290 1405 1324 ut

153 1353 336 1394 olfactus
359 1354 451 1406 ejus
473 1367 683 1406 organum
702 1353 940 1394 excitaret:
971 1352 1169 1392 similiter
1185 1353 1238 1392 ad
1260 1353 1405 1393 avium

152 1427 304 1462 cantus
338 1422 556 1474 arrigebat
588 1435 738 1471 aures;
774 1435 853 1462 nec
886 1421 1118 1473 quicquam
1151 1420 1279 1460 alicui
1313 1421 1406 1473 ejus

152 1490 295 1530 sensui
317 1496 491 1542 gratum
513 1496 616 1539 erat,
638 1489 755 1542 quod
777 1503 864 1529 non
890 1495 1056 1529 naturae
1083 1489 1175 1541 ejus
1202 1488 1406 1542 Corporis

151 1558 422 1599 conduceret.
464 1559 547 1598 His
569 1558 798 1610 aliquoties
821 1558 863 1597 in
884 1557 955 1597 die
976 1557 1175 1610 operatis,
1190 1558 1283 1610 ipsa
1305 1571 1404 1619 etum

151 1666 226 1689 non
244 1655 353 1689 simili
371 1655 494 1699 modo,
509 1666 573 1689 seu
590 1667 612 1689 a
631 1655 799 1690 sensibus
816 1655 986 1699 Corporis
1001 1655 1202 1689 erudienda
1216 1656 1405 1700 perficien-

152 1710 273 1756 daque
290 1717 378 1754 erat,
392 1711 458 1745 sed
471 1711 519 1745 ab
534 1711 614 1755 ipsa
631 1711 777 1754 Anima,
790 1710 1082 1744 ministrantibus
1097 1710 1128 1744 ἃ
1142 1710 1405 1745 famulantibus

151 1766 263 1800 modo
293 1766 464 1810 Corporis
489 1766 694 1808 Sensoriis;
722 1766 758 1799 in
782 1766 1058 1809 integerrimum
1081 1766 1180 1800 enirn
1202 1773 1349 1808 statum,
1373 1767 1405 1800 &

149 1821 187 1855 in
206 1821 303 1865 ipsas
326 1821 583 1866 perfectiones,
600 1827 708 1855 natus
731 1828 810 1863 est3
838 1827 1060 1865 quapropter
1081 1832 1154 1854 non
1178 1822 1296 1864 potuit
1319 1832 1405 1864 non,

150 1876 228 1920 ejus
253 1877 410 1920 Animae,
437 1877 546 1921 plena
570 1882 733 1920 potestas
760 1877 796 1910 in
823 1876 923 1920 ipsos
952 1876 1140 1910 Musculos
1167 1877 1199 1910 Sc
1231 1877 1404 1912 Sensoria

153 1932 336 1976 Corporis,
349 1932 488 1976 absque
502 1932 608 1976 hujus
626 1931 862 1965 Secundariae
880 1932 1018 1965 Mentis
1032 1931 1183 1976 ejusque
1196 1932 1403 1966 Voluntatis

150 1986 385 2029 mediatione,
403 1998 425 2020 a
442 1987 569 2031 primis
587 1986 672 2020 vitae
689 1986 799 2029 horis,
815 1998 894 2020 esse
914 1987 1001 2020 data
1019 1998 1025 2020 :
1051 1987 1150 2031 quod
1167 1998 1253 2021 vero
1271 1987 1308 2020 in
1327 1987 1400 2032 ejus

150 2041 305 2086 posteris
324 2041 429 2075 aliter
442 2041 617 2084 obtineat,
631 2041 947 2075 evidentissimum
960 2041 1244 2085 imperfectionis
1260 2042 1399 2086 signum

150 2102 216 2131 est.
266 2097 404 2130 Verum
431 2098 572 2142 absque
596 2097 695 2130 clara
716 2097 962 2141 perceptione,
985 2096 1073 2141 quid
1095 2097 1242 2140 Anima,
1262 2097 1295 2131 &
1317 2097 1394 2142 qui(

153 2152 262 2186 Mens
280 2151 547 2195 intellectualis,
567 2153 599 2187 δε
617 2152 804 2197 quomodo
828 2164 900 2186 una
925 2152 1029 2186 alteri
1048 2151 1189 2195 juncta,
1207 2153 1239 2186 ἃ
1263 2164 1336 2186 una
1357 2153 1397 2186 al

150 2206 275 2250 altera,
294 2206 468 2241 distincta
486 2207 542 2250 sit,
561 2219 636 2241 non
654 2207 760 2241 facile
781 2207 965 2241 rationum
986 2207 1169 2249 veritates,
1187 2208 1223 2240 in
1247 2207 1303 2241 his
1327 2219 1391 2252 per

152 2261 292 2306 spicere
316 2262 401 2296 licet
416 2275 424 2303 ;
451 2263 498 2296 ob
524 2274 633 2307 quem
659 2262 782 2304 finem,
804 2262 861 2296 his
887 2261 1129 2306 elucidandis,
1147 2273 1270 2307 opera,
1288 2262 1324 2296 in
1351 2273 1405 2297 se·-

153 2317 344 2362 quentium
361 2318 466 2361 serie,
484 2317 734 2363 impendenda
751 2323 817 2353 est.
