1835 2672
367 98 430 133 128
556 96 741 132 CAPUT
771 95 1090 139 SECUNDUM,
1125 94 1322 130 SECTIO
1356 94 1430 129 III.

364 197 419 237 ad
450 196 593 249 ipsum
620 194 860 243 Amorem;
915 193 995 234 Ille
1023 208 1068 234 se
1098 193 1380 234 manifestum
1412 192 1566 242 reddit,
1590 191 1628 233 &

365 264 594 305 actualiter
629 263 775 317 prodit
811 275 889 316 per
931 262 1146 311 Calorem,
1183 262 1325 315 ipsum
1369 261 1461 314 ejus
1503 260 1630 301 Desi-

365 335 544 383 derium,
567 333 685 386 quod
709 331 888 372 Amoris
911 333 1167 372 continuum
1192 337 1270 381 est,
1288 344 1364 384 per
1384 329 1628 379 Ardorem;

366 417 500 458 quare
522 403 655 444 etiam
678 416 755 456 per
774 414 903 442 voces
926 408 1085 441 nostrae
1108 400 1307 454 loquelae,
1322 400 1465 453 ipsum
1489 397 1630 438 Amo-

368 487 458 514 rem
510 471 752 513 salutamus
794 470 832 510 &
871 469 1166 523 significamus
1208 482 1285 522 per
1328 469 1495 521 Ignem,
1537 466 1631 519 ejus

370 541 670 595 Cupiditatem
705 554 783 593 per
817 539 1049 579 Fervorem
1084 544 1160 579 aut
1193 537 1470 587 Flammam;
1514 535 1631 588 ipsas

370 611 561 664 Nuptias
583 623 659 663 per
681 608 841 648 Taedas
860 607 897 648 &
918 607 1052 647 Faces
1071 621 1079 657 ;
1110 620 1238 647 sensu
1256 607 1388 647 etiam
1409 606 1630 657 Corporeo

370 680 485 733 ipsas
504 679 595 731 ejus
615 678 800 718 Delitias
819 677 861 716 in
879 676 1022 716 calore
1040 676 1312 728 percipimus.
1358 674 1468 714 Haec
1483 674 1631 726 itaque

369 755 471 789 sunt
492 746 770 788 connubialia
786 745 902 786 Vitae
927 744 964 784 ἃ
989 745 1182 793 Naturae,
1203 743 1309 785 Caeli
1335 743 1372 783 &
1396 743 1564 791 Mundi,
1589 741 1632 782 id

371 824 447 866 est,
469 817 694 868 utriusque
719 814 924 862 Paradisi,
947 827 1024 866 per
1044 812 1270 859 Amorem,
1296 812 1502 861 Foedera,
1527 824 1633 864 quo-

372 900 465 927 rum
490 885 584 925 Nos
608 883 848 936 Sapientiae
869 895 1019 921 sumus
1043 881 1232 923 Obsides
1256 880 1293 920 ἃ
1319 880 1561 933 Hymenes.

430 954 494 994 66.
530 952 706 993 Exhinc
736 952 846 991 sicut
875 951 918 990 in
952 950 1046 990 luce
1080 949 1245 990 clarum
1274 955 1351 998 est,
1383 948 1501 1002 quod
1530 948 1635 989 Vita

373 1024 602 1070 Naturam,
623 1021 749 1074 injus
765 1020 970 1060 consortii
990 1032 1151 1067 secum,
1168 1018 1399 1058 adsciverit
1418 1031 1426 1058 :
1457 1017 1635 1065 Verum,
1669 1030 1673 1034 ·

374 1091 663 1134 evolvendum
706 1096 783 1139 est,
820 1089 923 1142 quia
960 1087 1223 1141 complicata
1265 1093 1377 1136 sunt,
1413 1085 1638 1139 quomodo

374 1175 509 1202 unum
534 1159 675 1200 influit
708 1159 750 1198 in
784 1157 983 1206 alterum,
1006 1171 1081 1197 seu
1114 1156 1255 1209 qualis
1285 1155 1405 1204 ordo,
1428 1154 1466 1195 &
1487 1154 1638 1207 quales

374 1230 614 1271 secundum
652 1228 865 1269 Ordinem
904 1226 1047 1279 Leges
1084 1231 1211 1274 sunt3
1256 1238 1357 1264 nam
1395 1224 1565 1276 Legum
1599 1222 1637 1263 ἃ

371 1300 533 1353 jurium
567 1296 794 1345 Conditor,
817 1295 924 1335 nihil
954 1294 1034 1334 nisi
1064 1307 1197 1347 quam
1228 1307 1284 1333 ex
1314 1291 1638 1345 sapientissimo

376 1369 537 1416 ordine,
560 1367 662 1419 agit.
725 1364 859 1418 Quod
892 1377 1027 1404 unum
1061 1363 1103 1402 in
1133 1362 1316 1402 alterum
1351 1360 1515 1410 influat,
1545 1360 1639 1414 ipsa

378 1437 630 1478 Existentia
671 1434 838 1487 liquido
879 1432 1084 1479 declarat,
1122 1445 1178 1471 ex
1220 1431 1301 1470 hac
1334 1429 1548 1482 judicium
1585 1429 1640 1469 de

380 1504 673 1547 Subsistentia
705 1502 933 1543 ferendum
964 1506 1054 1549 est3
1099 1513 1199 1539 nam
1235 1500 1346 1540 sicut
1377 1498 1640 1546 exstitimus,

378 1608 576 1653 Frigori&
600 1605 666 1639 sed
692 1604 830 1639 Umbra
855 1607 909 1637 est
928 1603 1097 1647 privatio
1122 1602 1203 1646 ejus
1227 1601 1411 1643 Luminis,
1430 1600 1477 1634 &³
1500 1601 1642 1644 Frigus

377 1668 430 1697 est
440 1661 612 1708 privatio
630 1661 710 1705 ejus
730 1659 874 1693 Caloris
886 1671 898 1692 .·
925 1657 995 1691 Sol
1011 1668 1204 1701 nunquam
1215 1657 1403 1701 privatur
1417 1656 1577 1689 Lumine
1593 1654 1641 1689 ἔφ’

381 1719 520 1761 Calore,
551 1717 618 1750 sed
646 1716 791 1760 objecta
821 1714 1025 1757 terreslrz'a,
1052 1713 1153 1757 quod
1175 1713 1315 1746 lumine
1342 1711 1390 1745 (ἔν’
1419 1711 1538 1745 calore
1564 1711 1643 1756 ejus

373 1773 569 1819 penetrari
586 1774 778 1816 nequeant,
796 1774 877 1803 lum
895 1770 1009 1802 eliam
1029 1768 1256 1801 Direcliones
1273 1767 1352 1811 ejus
1368 1766 1589 1809 Radiorum,
1603 1765 1646 1799 id

380 1830 550 1874 efficiunt,
569 1827 654 1861 inde
681 1827 714 1860 T
712 1825 848 1860 enebroe
871 1824 919 1858 &⁹
942 1825 1115 1867 Frigora.
1171 1823 1274 1865 Haec,
1292 1821 1442 1856 mutatis
1465 1820 1642 1863 formulis,

381 1886 432 1918 ita
451 1895 561 1918 sensu
580 1882 758 1927 spirituali
775 1887 907 1915 sonant
921 1892 927 1913 2
955 1880 1059 1913 Deus
1072 1882 1125 1912 est
1137 1879 1238 1912 Fons
1250 1878 1369 1911 omnis
1382 1876 1644 1921 Intellegentiae

381 1951 423 1973 a(
440 1939 594 1973 Amoris
611 1939 652 1972 in
669 1949 734 1971 suo
755 1938 784 1971 C
784 1936 861 1980 celo,
880 1947 942 1969 nec
963 1939 1016 1968 est
1037 1946 1149 1968 causa
1166 1933 1395 1978 [nsipientz'oe
1412 1932 1460 1965 &⁹
1476 1932 1642 1965 Inimici-

381 1996 452 2037 tiae,
466 1994 531 2028 scd
544 1993 753 2037 [rapientia
766 1996 819 2025 est
827 1991 1001 2036 privatio
1017 1991 1054 2023 E
1046 1991 1117 2035 jus
1133 1989 1158 2022 J
1156 1989 1404 2033 ulellzjgentioe,
1416 1987 1464 2021 ἐφ’
1477 1987 1643 2020 Inimici-

382 2050 437 2083 tia
454 2053 507 2083 est
516 2048 690 2093 privatio
709 2047 809 2091 Ejus
825 2046 1005 2079 Amoris:
1046 2045 1149 2078 Deus
1167 2054 1360 2087 nunquam
1377 2042 1566 2086 privatur
1581 2042 1642 2075 ln-

381 2103 588 2149 tellzgrentici
603 2104 650 2137 δῦν’
663 2103 816 2145 Amore,
830 2112 961 2135 verum
976 2101 1120 2133 silentes
1133 2099 1333 2140 Humanoe,
1345 2108 1426 2141 quae
1443 2108 1465 2131 a
1483 2097 1644 2131 Lumine

382 2162 420 2194 E
413 2162 483 2205 jus
523 2158 784 2203 Intelligenlioe
824 2157 872 2190 ἂψ
905 2156 1039 2189 Radiis
1072 2155 1171 2199 Ejus
1203 2154 1359 2187 Amoris
1392 2153 1474 2197 regi
1504 2164 1540 2186 se
1571 2163 1645 2186 non

375 2216 592 2260 patiuntur,
607 2218 685 2247 tum
704 2212 1042 2246 Determinationes
1059 2210 1158 2254 Ejus
1175 2209 1392 2250 Radiorum,
1408 2208 1452 2241 id
1463 2211 1527 2250 est,
1546 2207 1644 2241 Veri-

383 2276 502 2305 talum
521 2270 567 2304 &Q
586 2269 817 2311 Bonilatum,
836 2267 879 2301 id
891 2267 1064 2311 efficiunt,
1083 2264 1168 2299 inde
1184 2264 1415 2309 Insipz'entioe
1432 2263 1480 2297 ἔφ’
1501 2262 1606 2298 Odia.
