1783 2760
419 154 498 188 DE
529 153 802 187 JNFANTJA
839 153 1221 188 PRIMOGENITI.
1403 162 1445 198 95

199 250 283 291 ista
303 256 404 291 sunt
425 250 643 290 bonitates
663 249 706 289 in
728 255 802 289 tua
831 254 976 289 mente
1004 255 1123 298 satae,
1145 263 1296 302 precor
1316 255 1363 290 ut
1392 264 1448 290 ex

200 321 320 367 meis,
341 333 428 359 non
450 332 507 358 ex
529 318 614 358 tuis
636 317 906 357 reseminatis
933 330 1094 369 carpas,
1119 318 1198 357 nisi
1221 324 1308 358 tuae
1329 332 1353 358 a
1375 319 1450 358 Me

199 388 457 428 introductae
486 386 542 426 ad
571 400 689 426 meas
719 385 903 435 fuerint;
944 385 1068 425 aliter
1094 385 1178 425 illae
1208 399 1293 425 non
1322 392 1366 426 te
1393 387 1449 427 ad

152 486 155 487 γ
200 456 287 505 Me,
322 456 397 495 sed
437 454 492 494 ad
534 455 734 507 teipsum,
770 460 981 506 tanquam
1018 453 1074 493 ad
1110 467 1236 493 suum
1273 454 1448 494 unicum

199 538 404 572 amorem,
428 524 612 573 ducent,
645 522 761 562 dabo
789 522 977 575 quidem.
1006 528 1054 562 ut
1083 536 1203 562 meas
1230 522 1449 563 bonitates

198 606 224 633 a
246 594 331 633 tuis
353 593 597 645 perspicias,
614 592 688 631 sed
706 605 792 630 non
812 597 858 631 ut
879 591 1061 641 sentias;
1093 605 1150 631 ex
1172 592 1279 631 meis
1300 598 1449 632 autem

200 660 238 701 &
261 667 357 701 tuas
379 660 417 700 &
442 674 560 700 meas
578 666 667 700 tam
687 660 857 708 senties,
875 672 1005 711 quam
1024 660 1234 712 percipies
1252 673 1260 699 :
1292 659 1449 700 faciam

198 743 371 782 quoque
393 735 440 769 ut
462 729 704 782 dignoscas,
723 742 841 768 meas
863 728 977 768 enim
1001 741 1086 767 non
1109 727 1250 768 solum
1273 728 1448 777 deliciis,

197 799 275 838 sed
316 799 448 837 etiam
488 797 778 844 felicitatibus,
821 796 1081 849 adimplebo.
1166 797 1315 849 thue
1355 797 1449 837 haec

199 867 457 915 memineris,
488 866 717 914 Arborem,
746 866 788 905 in
826 865 970 905 medio
1005 871 1081 905 tuo
1114 865 1331 914 Paradiso,
1362 880 1449 906 non

197 935 345 988 procul
361 949 386 975 a
403 937 479 975 tua
496 936 702 983 materna,
716 947 812 986 quae
829 939 917 974 stat
934 934 976 974 in
995 934 1148 974 intimo
1166 948 1216 974 ac
1232 935 1449 987 ipsissimo

198 999 347 1044 centro
369 1004 463 1053 luci,
477 1003 694 1051 constitui,
708 1017 840 1055 quam
858 1004 989 1055 etiam
1015 1003 1320 1055 Intelligentiis
1343 1004 1449 1044 meis

199 1073 533 1112 custodiendam
563 1072 688 1121 dedi;
721 1072 825 1111 dum
853 1071 964 1111 hanc
994 1072 1245 1124 inspexeris,
1268 1073 1449 1113 redeant

200 1153 297 1180 mea
322 1140 439 1180 dicta
468 1141 510 1180 in
541 1146 662 1180 tuam
695 1146 913 1189 mentem;
946 1140 1036 1192 ejus
1068 1140 1230 1181 fructus
1259 1141 1449 1182 referunt

197 1209 439 1260 bonitates;
473 1208 612 1262 prima
640 1208 732 1260 ejus
760 1208 886 1248 radix
916 1208 995 1248 fuit
1024 1209 1201 1261 quidem
1227 1223 1252 1250 a
1280 1211 1446 1250 semine

197 1318 299 1360 tium,
318 1318 383 1353 sed
400 1318 481 1352 loco
499 1318 679 1352 seminum
697 1323 781 1351 sunt
796 1317 989 1360 bonitates,
1008 1329 1090 1362 quae
1113 1329 1152 1352 se
1169 1329 1234 1363 per
1250 1318 1346 1353 fores
1365 1330 1448 1353 sen-

199 1384 305 1407 suum
334 1373 544 1413 insinuant3
581 1383 625 1406 ex
651 1372 708 1406 his
737 1373 834 1406 varie
864 1373 1114 1406 concatenatis
1146 1373 1309 1407 oriuntur
1335 1374 1447 1408 series

198 1427 414 1471 bonitatum,
432 1438 515 1472 quae
536 1427 705 1461 dicuntur
726 1427 908 1469 veritates,
925 1427 957 1461 Sc
984 1434 1066 1462 sunt
1092 1434 1269 1472 tanquam
1293 1429 1449 1473 egermi-

198 1483 366 1517 nationes
393 1494 415 1516 a
442 1483 516 1516 suis
545 1482 752 1524 radicibus;
778 1493 822 1516 ex
848 1483 1059 1516 veritatibus
1089 1483 1140 1517 ita
1165 1484 1333 1527 exclusis,
1362 1496 1448 1518 con-

199 1538 380 1582 cipiuntur
397 1538 429 1572 δε
453 1545 652 1572 nascuntur
674 1538 804 1572 iterum
827 1549 932 1571 novae
955 1538 1150 1582 bonitates,
1175 1550 1257 1583 quae
1281 1539 1448 1574 similiter

199 1604 239 1628 se
268 1593 520 1635 disseminant,
549 1604 695 1637 prorsus
728 1592 777 1626 ad
810 1593 960 1626 modum
993 1594 1133 1627 arboris
1166 1595 1224 1628 vel
1258 1596 1419 1640 corporis
1440 1607 1447 1629 :

199 1648 326 1693 quales
349 1648 472 1693 itaque
495 1655 578 1682 sunt
600 1648 793 1690 bonitates,
816 1648 908 1682 tales
935 1649 982 1691 ab
1009 1649 1052 1682 iis
1080 1650 1330 1693 producuntur
1356 1651 1449 1685 veri-

198 1710 305 1746 tates,
331 1704 364 1737 &
390 1704 481 1737 tales
508 1703 556 1737 ab
580 1703 637 1737 his
671 1703 801 1737 iterum
835 1704 1088 1748 concipiuntur
1115 1705 1322 1748 bonitates;
1360 1717 1448 1740 nam

200 1770 326 1793 omnes
344 1758 514 1792 veritates
536 1758 735 1802 respiciunt
756 1758 950 1799 bonitates,
969 1764 1007 1792 ut
1032 1770 1099 1792 sua
1121 1760 1240 1803 prima
1263 1760 1294 1794 &
1319 1760 1448 1794 ultima

199 1813 364 1858 objecta;
383 1814 464 1847 ideo
476 1820 514 1847 ut
525 1813 764 1855 efflorescant,
777 1814 900 1847 omnia
914 1814 950 1847 in
962 1814 1116 1848 infantia
1130 1815 1254 1849 ludere
1267 1816 1448 1850 videntur.

201 1869 403 1912 Bonitates,
415 1880 505 1913 quas
519 1875 654 1902 nostrae
668 1869 849 1902 Veritates
864 1869 1070 1911 excludunt,
1082 1870 1129 1904 ab
1144 1870 1297 1914 objectis
1314 1871 1448 1905 Mundi

198 1924 346 1958 trahunt
364 1935 467 1957 suam
485 1929 665 1964 naturam,
683 1933 794 1967 quare
812 1923 860 1956 ab
877 1923 945 1956 illis
969 1935 1202 1968 nequaquam
1226 1925 1361 1969 percipi
1385 1937 1449 1960 seu

199 1978 323 2012 sentiri
341 1984 461 2021 potest
478 1978 527 2020 id,
538 1977 636 2022 quod
654 1988 763 2021 supra
781 1983 950 2011 naturam
968 1984 1022 2011 est
1038 1991 1046 2019 ;
1073 1979 1141 2012 hoc
1159 1980 1258 2013 enirn
1277 1991 1316 2014 se
1334 1991 1449 2025 usque

200 2033 248 2066 ad
265 2033 404 2075 intima,
423 2032 515 2066 sicut
532 2032 568 2066 in
587 2032 799 2074 seminibus,
818 2032 956 2075 recipit,
974 2044 1041 2067 nec
1064 2034 1149 2068 inde
1170 2035 1358 2078 evolvitur,
1376 2036 1448 2069 nisi

200 2087 396 2121 involucris
424 2087 502 2121 istis
532 2087 630 2131 prius
660 2087 836 2120 diffractis
862 2087 894 2120 Sc
924 2087 961 2120 in
986 2088 1139 2121 nihilum
1165 2089 1333 2132 redactis,
1360 2098 1447 2124 tunc

199 2143 358 2187 primum
384 2142 539 2186 erumpit
565 2142 744 2183 intimum,
774 2141 806 2174 &
833 2153 969 2175 novum
996 2154 1144 2186 germen
1173 2144 1350 2188 producit.
1404 2146 1447 2178 In

202 2197 457 2240 Primogenitis
470 2208 554 2231 vero
567 2197 747 2237 omnibus,
759 2196 885 2230 ordine
896 2196 944 2229 ad
959 2197 1053 2231 hunc
1068 2204 1232 2232 nostrum
1243 2199 1447 2233 naturalem

200 2251 354 2294 inverso,
372 2259 451 2285 orta
468 2258 561 2286 sunt.
613 2253 754 2286 Caetera
771 2262 815 2286 ex
832 2253 1107 2296 comparatione
1125 2265 1208 2288 cum
1227 2255 1445 2299 supradictis

202 2306 370 2341 concludi
387 2313 551 2351 possunt.
