<?xml version="1.0" encoding="UTF-8"?>
<!DOCTYPE html PUBLIC "-//W3C//DTD XHTML 1.0 Transitional//EN"
    "http://www.w3.org/TR/xhtml1/DTD/xhtml1-transitional.dtd">
<html xmlns="http://www.w3.org/1999/xhtml" xml:lang="en" lang="en">
 <head>
  <title>
</title>
<meta http-equiv="Content-Type" content="text/html;charset=utf-8" />
  <meta name='ocr-system' content='tesseract 3.04.00' />
  <meta name='ocr-capabilities' content='ocr_page ocr_carea ocr_par ocr_line ocrx_word'/>
</head>
<body>
  <div class='ocr_page' id='page_1' title='image "./parsprimadecultu00swed_0219.png"; bbox 0 0 1783 2760; ppageno 0'>
   <div class='ocr_carea' id='block_1_1' title="bbox 368 193 1379 240">
    <p class='ocr_par' dir='ltr' id='par_1_1' title="bbox 368 193 1379 240">
     <span class='ocr_line' id='line_1_1' title="bbox 368 193 1379 240; baseline -0.003 -10"><span class='ocrx_word' id='word_1_1' title='bbox 368 196 445 230; x_wconf 88' lang='lat' dir='ltr'><strong>DE</strong></span> <span class='ocrx_word' id='word_1_2' title='bbox 480 194 740 240; x_wconf 81' lang='lat' dir='ltr'><em>CONJUGJO</em></span> <span class='ocrx_word' id='word_1_3' title='bbox 769 193 1152 229; x_wconf 81' lang='lat' dir='ltr'><em>PRJMOGENJTJ.</em></span> <span class='ocrx_word' id='word_1_4' title='bbox 1339 203 1379 227; x_wconf 90' lang='lat'><strong>21</strong></span> 
     </span>
    </p>
   </div>
   <div class='ocr_carea' id='block_1_2' title="bbox 136 290 1395 2390">
    <p class='ocr_par' dir='ltr' id='par_1_2' title="bbox 136 290 1395 2255">
     <span class='ocr_line' id='line_1_2' title="bbox 139 290 1385 346; baseline -0.002 -12"><span class='ocrx_word' id='word_1_5' title='bbox 139 307 271 335; x_wconf 89' lang='lat' dir='ltr'><strong>mune</strong></span> <span class='ocrx_word' id='word_1_6' title='bbox 291 292 418 346; x_wconf 91' lang='lat' dir='ltr'><strong>hujus</strong></span> <span class='ocrx_word' id='word_1_7' title='bbox 448 291 699 345; x_wconf 85' lang='lat' dir='ltr'><strong>Sphaerulae‚</strong></span> <span class='ocrx_word' id='word_1_8' title='bbox 723 304 820 344; x_wconf 84' lang='lat' dir='ltr'><strong>quae</strong></span> <span class='ocrx_word' id='word_1_9' title='bbox 842 291 884 331; x_wconf 91' lang='lat' dir='ltr'><strong>in</strong></span> <span class='ocrx_word' id='word_1_10' title='bbox 907 291 1066 332; x_wconf 89' lang='lat' dir='ltr'><strong>vertice</strong></span> <span class='ocrx_word' id='word_1_11' title='bbox 1089 290 1208 331; x_wconf 81' lang='lat' dir='ltr'><strong>fibrae</strong></span> <span class='ocrx_word' id='word_1_12' title='bbox 1230 291 1385 343; x_wconf 89' lang='lat' dir='ltr'><strong>posita,</strong></span> 
     </span>
     <span class='ocr_line' id='line_1_3' title="bbox 137 359 1384 415; baseline -0.002 -13"><span class='ocrx_word' id='word_1_13' title='bbox 137 362 230 415; x_wconf 90' lang='lat' dir='ltr'><strong>ejus</strong></span> <span class='ocrx_word' id='word_1_14' title='bbox 249 361 505 415; x_wconf 88' lang='lat' dir='ltr'><strong>principium</strong></span> <span class='ocrx_word' id='word_1_15' title='bbox 532 360 569 400; x_wconf 85' lang='lat'>&amp;</span> <span class='ocrx_word' id='word_1_16' title='bbox 595 359 845 412; x_wconf 81' lang='lat' dir='ltr'>capitellum</span> <span class='ocrx_word' id='word_1_17' title='bbox 871 360 989 412; x_wconf 84' lang='lat' dir='ltr'><strong>agit3</strong></span> <span class='ocrx_word' id='word_1_18' title='bbox 1022 360 1064 399; x_wconf 89' lang='lat' dir='ltr'><strong>in</strong></span> <span class='ocrx_word' id='word_1_19' title='bbox 1096 359 1188 412; x_wconf 87' lang='lat' dir='ltr'><strong>ejus</strong></span> <span class='ocrx_word' id='word_1_20' title='bbox 1212 359 1384 408; x_wconf 89' lang='lat' dir='ltr'><strong>Centro‚</strong></span> 
     </span>
     <span class='ocr_line' id='line_1_4' title="bbox 136 427 1385 480; baseline -0.002 -10"><span class='ocrx_word' id='word_1_21' title='bbox 136 431 248 471; x_wconf 90' lang='lat' dir='ltr'><strong>sicut</strong></span> <span class='ocrx_word' id='word_1_22' title='bbox 287 429 419 477; x_wconf 61' lang='grc'>1111165,</span> <span class='ocrx_word' id='word_1_23' title='bbox 455 434 520 468; x_wconf 91' lang='lat' dir='ltr'><strong>est</strong></span> <span class='ocrx_word' id='word_1_24' title='bbox 559 427 801 477; x_wconf 82' lang='lat' dir='ltr'>fonticulus,</span> <span class='ocrx_word' id='word_1_25' title='bbox 844 427 886 466; x_wconf 91' lang='lat' dir='ltr'><strong>in</strong></span> <span class='ocrx_word' id='word_1_26' title='bbox 928 441 1057 480; x_wconf 87' lang='lat' dir='ltr'><strong>quem</strong></span> <span class='ocrx_word' id='word_1_27' title='bbox 1097 441 1249 467; x_wconf 88' lang='lat' dir='ltr'><strong>omnes</strong></span> <span class='ocrx_word' id='word_1_28' title='bbox 1290 428 1385 468; x_wconf 84' lang='lat' dir='ltr'><strong>istae</strong></span> 
     </span>
     <span class='ocr_line' id='line_1_5' title="bbox 137 495 1386 550; baseline -0.002 -12"><span class='ocrx_word' id='word_1_29' title='bbox 137 498 265 547; x_wconf 82' lang='lat' dir='ltr'><strong>Vitae,</strong></span> <span class='ocrx_word' id='word_1_30' title='bbox 299 510 375 550; x_wconf 92' lang='lat' dir='ltr'><strong>per</strong></span> <span class='ocrx_word' id='word_1_31' title='bbox 404 510 504 536; x_wconf 90' lang='lat' dir='ltr'><strong>suas</strong></span> <span class='ocrx_word' id='word_1_32' title='bbox 537 495 731 544; x_wconf 88' lang='lat' dir='ltr'><strong>venulas,</strong></span> <span class='ocrx_word' id='word_1_33' title='bbox 764 496 919 535; x_wconf 92' lang='lat' dir='ltr'><strong>eodem</strong></span> <span class='ocrx_word' id='word_1_34' title='bbox 950 495 1112 544; x_wconf 86' lang='lat' dir='ltr'><strong>ordine,</strong></span> <span class='ocrx_word' id='word_1_35' title='bbox 1141 496 1386 548; x_wconf 79' lang='lat' dir='ltr'><strong>perenniter</strong></span> 
     </span>
     <span class='ocr_line' id='line_1_6' title="bbox 139 561 1384 615; baseline -0.002 -10"><span class='ocrx_word' id='word_1_36' title='bbox 139 564 177 605; x_wconf 86' lang='lat'>&amp;</span> <span class='ocrx_word' id='word_1_37' title='bbox 211 564 421 612; x_wconf 88' lang='lat' dir='ltr'><strong>decenter,</strong></span> <span class='ocrx_word' id='word_1_38' title='bbox 443 561 659 612; x_wconf 81' lang='lat' dir='ltr'><strong>influunt3</strong></span> <span class='ocrx_word' id='word_1_39' title='bbox 689 562 759 602; x_wconf 91' lang='lat' dir='ltr'><strong>hic</strong></span> <span class='ocrx_word' id='word_1_40' title='bbox 791 562 911 601; x_wconf 90' lang='lat' dir='ltr'><strong>vides</strong></span> <span class='ocrx_word' id='word_1_41' title='bbox 946 562 1062 614; x_wconf 91' lang='lat' dir='ltr'><strong>ipsas</strong></span> <span class='ocrx_word' id='word_1_42' title='bbox 1090 563 1384 615; x_wconf 79' lang='lat' dir='ltr'><strong>scaturigines,</strong></span> 
     </span>
     <span class='ocr_line' id='line_1_7' title="bbox 138 630 1386 685; baseline -0.001 -13"><span class='ocrx_word' id='word_1_43' title='bbox 138 646 236 685; x_wconf 84' lang='lat' dir='ltr'><strong>quae</strong></span> <span class='ocrx_word' id='word_1_44' title='bbox 257 632 358 684; x_wconf 88' lang='lat' dir='ltr'><strong>quia</strong></span> <span class='ocrx_word' id='word_1_45' title='bbox 378 637 542 679; x_wconf 93' lang='lat' dir='ltr'><strong>tenues,</strong></span> <span class='ocrx_word' id='word_1_46' title='bbox 567 631 706 683; x_wconf 86' lang='lat' dir='ltr'><strong>arripe</strong></span> <span class='ocrx_word' id='word_1_47' title='bbox 728 631 832 670; x_wconf 91' lang='lat' dir='ltr'><strong>istas</strong></span> <span class='ocrx_word' id='word_1_48' title='bbox 854 630 1024 679; x_wconf 83' lang='lat' dir='ltr'><strong>limulis,</strong></span> <span class='ocrx_word' id='word_1_49' title='bbox 1046 644 1120 670; x_wconf 90' lang='lat' dir='ltr'><strong>seu</strong></span> <span class='ocrx_word' id='word_1_50' title='bbox 1152 630 1244 671; x_wconf 75' lang='lat' dir='ltr'><strong>sola</strong></span> <span class='ocrx_word' id='word_1_51' title='bbox 1275 631 1386 671; x_wconf 92' lang='lat' dir='ltr'><strong>oculi</strong></span> 
     </span>
     <span class='ocr_line' id='line_1_8' title="bbox 138 698 1388 753; baseline -0.001 -13"><span class='ocrx_word' id='word_1_52' title='bbox 138 699 312 753; x_wconf 71' lang='lat' dir='ltr'><strong>pupilla,</strong></span> <span class='ocrx_word' id='word_1_53' title='bbox 335 698 391 739; x_wconf 90' lang='lat' dir='ltr'><strong>ab</strong></span> <span class='ocrx_word' id='word_1_54' title='bbox 412 698 486 738; x_wconf 72' lang='lat' dir='ltr'><strong>illa</strong></span> <span class='ocrx_word' id='word_1_55' title='bbox 515 698 694 738; x_wconf 84' lang='lat' dir='ltr'><strong>nimiam</strong></span> <span class='ocrx_word' id='word_1_56' title='bbox 724 698 762 739; x_wconf 86' lang='lat'>&amp;</span> <span class='ocrx_word' id='word_1_57' title='bbox 787 712 944 751; x_wconf 88' lang='lat' dir='ltr'><strong>vagam</strong></span> <span class='ocrx_word' id='word_1_58' title='bbox 975 712 1052 751; x_wconf 91' lang='lat' dir='ltr'><strong>per</strong></span> <span class='ocrx_word' id='word_1_59' title='bbox 1081 698 1180 739; x_wconf 91' lang='lat' dir='ltr'><strong>cilia</strong></span> <span class='ocrx_word' id='word_1_60' title='bbox 1210 699 1388 739; x_wconf 87' lang='lat' dir='ltr'><strong>discuti-</strong></span> 
     </span>
     <span class='ocr_line' id='line_1_9' title="bbox 138 766 1387 817; baseline -0.001 -9"><span class='ocrx_word' id='word_1_61' title='bbox 138 768 252 808; x_wconf 93' lang='lat' dir='ltr'><strong>endo</strong></span> <span class='ocrx_word' id='word_1_62' title='bbox 273 766 413 807; x_wconf 90' lang='lat' dir='ltr'><strong>lucem</strong></span> <span class='ocrx_word' id='word_1_63' title='bbox 431 780 440 817; x_wconf 90' lang='lat'>;</span> <span class='ocrx_word' id='word_1_64' title='bbox 471 766 540 807; x_wconf 91' lang='lat' dir='ltr'><strong>hic</strong></span> <span class='ocrx_word' id='word_1_65' title='bbox 562 766 795 807; x_wconf 83' lang='lat' dir='ltr'><strong>fonticulus</strong></span> <span class='ocrx_word' id='word_1_66' title='bbox 822 767 978 807; x_wconf 87' lang='lat' dir='ltr'><strong>dicitur</strong></span> <span class='ocrx_word' id='word_1_67' title='bbox 1000 767 1115 807; x_wconf 88' lang='lat' dir='ltr'><strong>Fons</strong></span> <span class='ocrx_word' id='word_1_68' title='bbox 1136 767 1263 816; x_wconf 69' lang='lat' dir='ltr'><strong>Vitae,</strong></span> <span class='ocrx_word' id='word_1_69' title='bbox 1286 780 1387 808; x_wconf 88' lang='lat' dir='ltr'><strong>narn</strong></span> 
     </span>
     <span class='ocr_line' id='line_1_10' title="bbox 142 834 1389 888; baseline 0.001 -12"><span class='ocrx_word' id='word_1_70' title='bbox 142 835 348 888; x_wconf 90' lang='lat' dir='ltr'><strong>Lympha</strong></span> <span class='ocrx_word' id='word_1_71' title='bbox 380 834 472 888; x_wconf 89' lang='lat' dir='ltr'><strong>ejus</strong></span> <span class='ocrx_word' id='word_1_72' title='bbox 505 835 607 875; x_wconf 89' lang='lat' dir='ltr'><strong>inde</strong></span> <span class='ocrx_word' id='word_1_73' title='bbox 638 835 868 884; x_wconf 88' lang='lat' dir='ltr'><strong>Animalis,</strong></span> <span class='ocrx_word' id='word_1_74' title='bbox 891 835 928 876; x_wconf 84' lang='lat'>&amp;</span> <span class='ocrx_word' id='word_1_75' title='bbox 959 835 1158 888; x_wconf 86' lang='lat' dir='ltr'><strong>Spiritus,</strong></span> <span class='ocrx_word' id='word_1_76' title='bbox 1185 835 1311 885; x_wconf 90' lang='lat' dir='ltr'><strong>dicta,</strong></span> <span class='ocrx_word' id='word_1_77' title='bbox 1332 837 1389 877; x_wconf 92' lang='lat' dir='ltr'><strong>ab</strong></span> 
     </span>
     <span class='ocr_line' id='line_1_11' title="bbox 137 903 1388 952; baseline 0.001 -8"><span class='ocrx_word' id='word_1_78' title='bbox 137 904 204 944; x_wconf 91' lang='lat' dir='ltr'><strong>his</strong></span> <span class='ocrx_word' id='word_1_79' title='bbox 224 904 326 944; x_wconf 84' lang='lat' dir='ltr'><strong>vitae</strong></span> <span class='ocrx_word' id='word_1_80' title='bbox 347 903 545 943; x_wconf 84' lang='lat' dir='ltr'><strong>essentiis</strong></span> <span class='ocrx_word' id='word_1_81' title='bbox 567 903 771 952; x_wconf 89' lang='lat' dir='ltr'><strong>animata,</strong></span> <span class='ocrx_word' id='word_1_82' title='bbox 788 904 897 944; x_wconf 90' lang='lat' dir='ltr'><strong>sicut</strong></span> <span class='ocrx_word' id='word_1_83' title='bbox 920 903 1089 952; x_wconf 88' lang='lat' dir='ltr'><strong>rivulus,</strong></span> <span class='ocrx_word' id='word_1_84' title='bbox 1106 904 1149 943; x_wconf 92' lang='lat' dir='ltr'><strong>in</strong></span> <span class='ocrx_word' id='word_1_85' title='bbox 1165 905 1388 945; x_wconf 85' lang='lat' dir='ltr'><strong>continen-</strong></span> 
     </span>
     <span class='ocr_line' id='line_1_12' title="bbox 138 971 1388 1026; baseline 0.001 -14"><span class='ocrx_word' id='word_1_86' title='bbox 138 971 417 1022; x_wconf 15' lang='lat' dir='ltr'><strong>temrfibram,</strong></span> <span class='ocrx_word' id='word_1_87' title='bbox 438 985 574 1024; x_wconf 88' lang='lat' dir='ltr'><strong>usque</strong></span> <span class='ocrx_word' id='word_1_88' title='bbox 596 971 652 1011; x_wconf 89' lang='lat' dir='ltr'><strong>ad</strong></span> <span class='ocrx_word' id='word_1_89' title='bbox 675 971 781 1011; x_wconf 90' lang='lat' dir='ltr'><strong>fines</strong></span> <span class='ocrx_word' id='word_1_90' title='bbox 803 985 915 1021; x_wconf 89' lang='lat' dir='ltr'><strong>suos,</strong></span> <span class='ocrx_word' id='word_1_91' title='bbox 938 971 1098 1012; x_wconf 88' lang='lat' dir='ltr'><strong>defluit.</strong></span> <span class='ocrx_word' id='word_1_92' title='bbox 1161 972 1249 1013; x_wconf 86' lang='lat' dir='ltr'><strong>Sed</strong></span> <span class='ocrx_word' id='word_1_93' title='bbox 1270 973 1388 1026; x_wconf 89' lang='lat' dir='ltr'><strong>quod</strong></span> 
     </span>
     <span class='ocr_line' id='line_1_13' title="bbox 141 1039 1390 1090; baseline 0.001 -10"><span class='ocrx_word' id='word_1_94' title='bbox 141 1040 283 1080; x_wconf 88' lang='lat' dir='ltr'><strong>adhuc</strong></span> <span class='ocrx_word' id='word_1_95' title='bbox 306 1040 546 1080; x_wconf 87' lang='lat' dir='ltr'><strong>mirabilius</strong></span> <span class='ocrx_word' id='word_1_96' title='bbox 569 1046 648 1087; x_wconf 89' lang='lat' dir='ltr'><strong>est,</strong></span> <span class='ocrx_word' id='word_1_97' title='bbox 670 1039 838 1080; x_wconf 87' lang='lat' dir='ltr'><strong>Vitales</strong></span> <span class='ocrx_word' id='word_1_98' title='bbox 860 1039 944 1080; x_wconf 82' lang='lat' dir='ltr'><strong>illae</strong></span> <span class='ocrx_word' id='word_1_99' title='bbox 972 1039 1199 1090; x_wconf 81' lang='lat' dir='ltr'><strong>Essentiae,</strong></span> <span class='ocrx_word' id='word_1_100' title='bbox 1219 1041 1261 1081; x_wconf 89' lang='lat' dir='ltr'><strong>in</strong></span> <span class='ocrx_word' id='word_1_101' title='bbox 1285 1043 1390 1081; x_wconf 71' lang='lat' dir='ltr'><strong>una-</strong></span> 
     </span>
     <span class='ocr_line' id='line_1_14' title="bbox 141 1107 1390 1162; baseline 0.002 -14"><span class='ocrx_word' id='word_1_102' title='bbox 141 1109 294 1162; x_wconf 76' lang='lat' dir='ltr'><strong>quavis</strong></span> <span class='ocrx_word' id='word_1_103' title='bbox 333 1108 461 1160; x_wconf 89' lang='lat' dir='ltr'><strong>hujus</strong></span> <span class='ocrx_word' id='word_1_104' title='bbox 499 1107 692 1162; x_wconf 68' lang='lat' dir='ltr'><strong>lymphae</strong></span> <span class='ocrx_word' id='word_1_105' title='bbox 738 1109 918 1149; x_wconf 73' lang='lat' dir='ltr'><strong>minima</strong></span> <span class='ocrx_word' id='word_1_106' title='bbox 963 1115 1086 1161; x_wconf 88' lang='lat' dir='ltr'><strong>parte</strong></span> <span class='ocrx_word' id='word_1_107' title='bbox 1127 1111 1178 1149; x_wconf 69' lang='lat' dir='ltr'><strong>ea</strong></span> <span class='ocrx_word' id='word_1_108' title='bbox 1216 1123 1390 1162; x_wconf 90' lang='lat' dir='ltr'><strong>prorsus</strong></span> 
     </span>
     <span class='ocr_line' id='line_1_15' title="bbox 141 1176 1391 1230; baseline 0.002 -14"><span class='ocrx_word' id='word_1_109' title='bbox 141 1177 352 1217; x_wconf 89' lang='lat' dir='ltr'><strong>societate</strong></span> <span class='ocrx_word' id='word_1_110' title='bbox 378 1176 553 1228; x_wconf 82' lang='lat' dir='ltr'><strong>junctae,</strong></span> <span class='ocrx_word' id='word_1_111' title='bbox 575 1176 815 1226; x_wconf 86' lang='lat' dir='ltr'><strong>consident,</strong></span> <span class='ocrx_word' id='word_1_112' title='bbox 836 1178 921 1230; x_wconf 71' lang='lat' dir='ltr'><strong>qua</strong></span> <span class='ocrx_word' id='word_1_113' title='bbox 952 1177 1033 1217; x_wconf 92' lang='lat' dir='ltr'><strong>sibi</strong></span> <span class='ocrx_word' id='word_1_114' title='bbox 1064 1183 1216 1218; x_wconf 89' lang='lat' dir='ltr'><strong>mutuo</strong></span> <span class='ocrx_word' id='word_1_115' title='bbox 1245 1192 1391 1218; x_wconf 88' lang='lat' dir='ltr'><strong>succe-</strong></span> 
     </span>
     <span class='ocr_line' id='line_1_16' title="bbox 141 1244 1391 1298; baseline 0.002 -14"><span class='ocrx_word' id='word_1_116' title='bbox 141 1245 263 1294; x_wconf 90' lang='lat' dir='ltr'><strong>dunt,</strong></span> <span class='ocrx_word' id='word_1_117' title='bbox 284 1244 589 1297; x_wconf 90' lang='lat' dir='ltr'><strong>copulantibus</strong></span> <span class='ocrx_word' id='word_1_118' title='bbox 612 1244 788 1284; x_wconf 92' lang='lat' dir='ltr'><strong>demum</strong></span> <span class='ocrx_word' id='word_1_119' title='bbox 815 1245 1156 1298; x_wconf 79' lang='lat' dir='ltr'><strong>simplicissimis,</strong></span> <span class='ocrx_word' id='word_1_120' title='bbox 1178 1260 1201 1287; x_wconf 94' lang='lat' dir='ltr'><strong>e</strong></span> <span class='ocrx_word' id='word_1_121' title='bbox 1226 1247 1391 1287; x_wconf 89' lang='lat' dir='ltr'><strong>mundo</strong></span> 
     </span>
     <span class='ocr_line' id='line_1_17' title="bbox 141 1312 1391 1365; baseline 0.002 -12"><span class='ocrx_word' id='word_1_122' title='bbox 141 1312 402 1361; x_wconf 89' lang='lat' dir='ltr'><strong>circumfluo,</strong></span> <span class='ocrx_word' id='word_1_123' title='bbox 423 1326 500 1365; x_wconf 91' lang='lat' dir='ltr'><strong>per</strong></span> <span class='ocrx_word' id='word_1_124' title='bbox 520 1312 777 1353; x_wconf 91' lang='lat' dir='ltr'><strong>immissaria</strong></span> <span class='ocrx_word' id='word_1_125' title='bbox 797 1313 1000 1363; x_wconf 83' lang='lat' dir='ltr'><strong>advectis,</strong></span> <span class='ocrx_word' id='word_1_126' title='bbox 1019 1313 1246 1355; x_wconf 90' lang='lat' dir='ltr'><strong>elementis</strong></span> <span class='ocrx_word' id='word_1_127' title='bbox 1267 1329 1275 1365; x_wconf 83' lang='lat'><em>3</em></span> <span class='ocrx_word' id='word_1_128' title='bbox 1297 1315 1391 1356; x_wconf 81' lang='lat' dir='ltr'><strong>haec</strong></span> 
     </span>
     <span class='ocr_line' id='line_1_18' title="bbox 142 1380 1391 1434; baseline 0.003 -14"><span class='ocrx_word' id='word_1_129' title='bbox 142 1395 224 1434; x_wconf 86' lang='lat' dir='ltr'><strong>ego</strong></span> <span class='ocrx_word' id='word_1_130' title='bbox 258 1381 364 1421; x_wconf 90' lang='lat' dir='ltr'><strong>meis</strong></span> <span class='ocrx_word' id='word_1_131' title='bbox 400 1380 533 1421; x_wconf 92' lang='lat' dir='ltr'><strong>oculis</strong></span> <span class='ocrx_word' id='word_1_132' title='bbox 566 1381 785 1433; x_wconf 89' lang='lat' dir='ltr'><strong>pervideo,</strong></span> <span class='ocrx_word' id='word_1_133' title='bbox 809 1395 941 1434; x_wconf 88' lang='lat' dir='ltr'><strong>quare</strong></span> <span class='ocrx_word' id='word_1_134' title='bbox 975 1395 1033 1422; x_wconf 83' lang='lat' dir='ltr'><strong>ex</strong></span> <span class='ocrx_word' id='word_1_135' title='bbox 1064 1383 1156 1423; x_wconf 88' lang='lat' dir='ltr'><strong>visu</strong></span> <span class='ocrx_word' id='word_1_136' title='bbox 1186 1396 1284 1423; x_wconf 93' lang='lat' dir='ltr'><strong>meo</strong></span> <span class='ocrx_word' id='word_1_137' title='bbox 1313 1384 1391 1424; x_wconf 88' lang='lat' dir='ltr'><strong>tibi</strong></span> 
     </span>
     <span class='ocr_line' id='line_1_19' title="bbox 142 1448 1393 1501; baseline 0.003 -12"><span class='ocrx_word' id='word_1_138' title='bbox 142 1449 278 1489; x_wconf 88' lang='lat' dir='ltr'><strong>relata</strong></span> <span class='ocrx_word' id='word_1_139' title='bbox 299 1449 417 1499; x_wconf 88' lang='lat' dir='ltr'><strong>fero;</strong></span> <span class='ocrx_word' id='word_1_140' title='bbox 448 1448 554 1488; x_wconf 90' lang='lat' dir='ltr'><strong>nihil</strong></span> <span class='ocrx_word' id='word_1_141' title='bbox 586 1449 701 1488; x_wconf 91' lang='lat' dir='ltr'><strong>enim</strong></span> <span class='ocrx_word' id='word_1_142' title='bbox 733 1449 813 1489; x_wconf 92' lang='lat' dir='ltr'><strong>nisi</strong></span> <span class='ocrx_word' id='word_1_143' title='bbox 843 1463 899 1489; x_wconf 83' lang='lat' dir='ltr'><strong>ex</strong></span> <span class='ocrx_word' id='word_1_144' title='bbox 921 1450 1076 1490; x_wconf 91' lang='lat' dir='ltr'><strong>eodem</strong></span> <span class='ocrx_word' id='word_1_145' title='bbox 1097 1451 1259 1501; x_wconf 89' lang='lat' dir='ltr'><strong>ordine,</strong></span> <span class='ocrx_word' id='word_1_146' title='bbox 1282 1452 1393 1493; x_wconf 86' lang='lat' dir='ltr'><strong>sicut</strong></span> 
     </span>
     <span class='ocr_line' id='line_1_20' title="bbox 142 1517 1393 1571; baseline 0.004 -15"><span class='ocrx_word' id='word_1_147' title='bbox 142 1518 184 1557; x_wconf 88' lang='lat' dir='ltr'><strong>in</strong></span> <span class='ocrx_word' id='word_1_148' title='bbox 208 1517 425 1565; x_wconf 85' lang='lat' dir='ltr'><strong>maximis,</strong></span> <span class='ocrx_word' id='word_1_149' title='bbox 448 1517 579 1557; x_wconf 88' lang='lat' dir='ltr'><strong>etiarn</strong></span> <span class='ocrx_word' id='word_1_150' title='bbox 602 1517 645 1556; x_wconf 91' lang='lat' dir='ltr'><strong>in</strong></span> <span class='ocrx_word' id='word_1_151' title='bbox 667 1517 867 1567; x_wconf 90' lang='lat' dir='ltr'><strong>minimis,</strong></span> <span class='ocrx_word' id='word_1_152' title='bbox 888 1518 1132 1571; x_wconf 87' lang='lat' dir='ltr'><strong>perficitur;</strong></span> <span class='ocrx_word' id='word_1_153' title='bbox 1164 1525 1228 1560; x_wconf 88' lang='lat' dir='ltr'><strong>est</strong></span> <span class='ocrx_word' id='word_1_154' title='bbox 1260 1521 1393 1561; x_wconf 91' lang='lat' dir='ltr'><strong>modo</strong></span> 
     </span>
     <span class='ocr_line' id='line_1_21' title="bbox 143 1584 1392 1638; baseline 0.003 -12"><span class='ocrx_word' id='word_1_155' title='bbox 143 1585 459 1634; x_wconf 82' lang='lat' dir='ltr'><strong>determinatio,</strong></span> <span class='ocrx_word' id='word_1_156' title='bbox 489 1598 587 1637; x_wconf 74' lang='lat' dir='ltr'><strong>quae</strong></span> <span class='ocrx_word' id='word_1_157' title='bbox 616 1584 717 1638; x_wconf 89' lang='lat' dir='ltr'><strong>quia</strong></span> <span class='ocrx_word' id='word_1_158' title='bbox 748 1585 945 1635; x_wconf 86' lang='lat' dir='ltr'><strong>formam,</strong></span> <span class='ocrx_word' id='word_1_159' title='bbox 973 1586 1111 1627; x_wconf 89' lang='lat' dir='ltr'><strong>variat</strong></span> <span class='ocrx_word' id='word_1_160' title='bbox 1142 1600 1330 1637; x_wconf 86' lang='lat' dir='ltr'><strong>causam,</strong></span> <span class='ocrx_word' id='word_1_161' title='bbox 1344 1589 1392 1630; x_wconf 52' lang='lat'><strong>1&amp;</strong></span> 
     </span>
     <span class='ocr_line' id='line_1_22' title="bbox 142 1653 1393 1707; baseline 0.002 -13"><span class='ocrx_word' id='word_1_162' title='bbox 142 1655 202 1695; x_wconf 89' lang='lat' dir='ltr'><strong>sic</strong></span> <span class='ocrx_word' id='word_1_163' title='bbox 235 1654 449 1703; x_wconf 89' lang='lat' dir='ltr'><strong>effectum,</strong></span> <span class='ocrx_word' id='word_1_164' title='bbox 474 1653 548 1693; x_wconf 92' lang='lat' dir='ltr'><strong>fini</strong></span> <span class='ocrx_word' id='word_1_165' title='bbox 582 1667 656 1694; x_wconf 88' lang='lat' dir='ltr'><strong>seu</strong></span> <span class='ocrx_word' id='word_1_166' title='bbox 691 1654 786 1694; x_wconf 91' lang='lat' dir='ltr'><strong>usui</strong></span> <span class='ocrx_word' id='word_1_167' title='bbox 820 1655 1216 1707; x_wconf 89' lang='lat' dir='ltr'><strong>correspondenter.</strong></span> <span class='ocrx_word' id='word_1_168' title='bbox 1281 1656 1393 1697; x_wconf 82' lang='lat' dir='ltr'><strong>Haec</strong></span> 
     </span>
     <span class='ocr_line' id='line_1_23' title="bbox 143 1721 1392 1776; baseline 0.002 -13"><span class='ocrx_word' id='word_1_169' title='bbox 143 1722 389 1776; x_wconf 87' lang='lat' dir='ltr'><strong>Spiritualis</strong></span> <span class='ocrx_word' id='word_1_170' title='bbox 419 1721 623 1774; x_wconf 81' lang='lat' dir='ltr'><strong>Lympha</strong></span> <span class='ocrx_word' id='word_1_171' title='bbox 645 1735 721 1774; x_wconf 91' lang='lat' dir='ltr'><strong>per</strong></span> <span class='ocrx_word' id='word_1_172' title='bbox 742 1721 1030 1763; x_wconf 88' lang='lat' dir='ltr'><strong>canaliculum</strong></span> <span class='ocrx_word' id='word_1_173' title='bbox 1051 1737 1178 1763; x_wconf 90' lang='lat' dir='ltr'><strong>suum</strong></span> <span class='ocrx_word' id='word_1_174' title='bbox 1201 1724 1392 1774; x_wconf 91' lang='lat' dir='ltr'><strong>devecta,</strong></span> 
     </span>
     <span class='ocr_line' id='line_1_24' title="bbox 142 1789 1392 1844; baseline 0.002 -13"><span class='ocrx_word' id='word_1_175' title='bbox 142 1791 223 1844; x_wconf 93' lang='lat' dir='ltr'><strong>ipsi</strong></span> <span class='ocrx_word' id='word_1_176' title='bbox 254 1791 432 1831; x_wconf 91' lang='lat' dir='ltr'><strong>demum</strong></span> <span class='ocrx_word' id='word_1_177' title='bbox 465 1789 676 1843; x_wconf 87' lang='lat' dir='ltr'><strong>Sanguini</strong></span> <span class='ocrx_word' id='word_1_178' title='bbox 704 1789 883 1842; x_wconf 89' lang='lat' dir='ltr'><strong>ejusque</strong></span> <span class='ocrx_word' id='word_1_179' title='bbox 907 1789 1106 1843; x_wconf 85' lang='lat' dir='ltr'><strong>globulis,</strong></span> <span class='ocrx_word' id='word_1_180' title='bbox 1129 1791 1320 1841; x_wconf 87' lang='lat' dir='ltr'><strong>infertur,</strong></span> <span class='ocrx_word' id='word_1_181' title='bbox 1342 1806 1392 1833; x_wconf 88' lang='grc'>36</span> 
     </span>
     <span class='ocr_line' id='line_1_25' title="bbox 145 1858 1393 1910; baseline 0.002 -11"><span class='ocrx_word' id='word_1_182' title='bbox 145 1859 250 1899; x_wconf 91' lang='lat' dir='ltr'><strong>inibi</strong></span> <span class='ocrx_word' id='word_1_183' title='bbox 272 1859 474 1899; x_wconf 90' lang='lat' dir='ltr'><strong>ultimum</strong></span> <span class='ocrx_word' id='word_1_184' title='bbox 496 1871 622 1898; x_wconf 89' lang='lat' dir='ltr'><strong>suum</strong></span> <span class='ocrx_word' id='word_1_185' title='bbox 643 1871 799 1910; x_wconf 83' lang='lat' dir='ltr'><strong>gyrum</strong></span> <span class='ocrx_word' id='word_1_186' title='bbox 822 1858 1008 1899; x_wconf 88' lang='lat' dir='ltr'><strong>absolvit</strong></span> <span class='ocrx_word' id='word_1_187' title='bbox 1027 1873 1036 1909; x_wconf 88' lang='lat'><strong>;</strong></span> <span class='ocrx_word' id='word_1_188' title='bbox 1067 1859 1143 1899; x_wconf 91' lang='lat' dir='ltr'><strong>sed</strong></span> <span class='ocrx_word' id='word_1_189' title='bbox 1169 1865 1217 1901; x_wconf 91' lang='lat' dir='ltr'><strong>ut</strong></span> <span class='ocrx_word' id='word_1_190' title='bbox 1238 1860 1393 1901; x_wconf 88' lang='lat' dir='ltr'><strong>ultima</strong></span> 
     </span>
     <span class='ocr_line' id='line_1_26' title="bbox 145 1926 1395 1981; baseline 0.002 -13"><span class='ocrx_word' id='word_1_191' title='bbox 145 1928 324 1968; x_wconf 89' lang='lat' dir='ltr'><strong>redeant</strong></span> <span class='ocrx_word' id='word_1_192' title='bbox 347 1928 402 1968; x_wconf 88' lang='lat' dir='ltr'><strong>ad</strong></span> <span class='ocrx_word' id='word_1_193' title='bbox 425 1927 574 1980; x_wconf 88' lang='lat' dir='ltr'><strong>prima,</strong></span> <span class='ocrx_word' id='word_1_194' title='bbox 598 1926 824 1967; x_wconf 88' lang='lat' dir='ltr'><strong>resolvitur</strong></span> <span class='ocrx_word' id='word_1_195' title='bbox 843 1926 912 1967; x_wconf 91' lang='lat' dir='ltr'><strong>hic</strong></span> <span class='ocrx_word' id='word_1_196' title='bbox 934 1928 1120 1980; x_wconf 89' lang='lat' dir='ltr'><strong>sanguis,</strong></span> <span class='ocrx_word' id='word_1_197' title='bbox 1145 1927 1182 1968; x_wconf 85' lang='lat'>&amp;</span> <span class='ocrx_word' id='word_1_198' title='bbox 1204 1942 1281 1981; x_wconf 93' lang='lat' dir='ltr'><strong>per</strong></span> <span class='ocrx_word' id='word_1_199' title='bbox 1302 1929 1395 1970; x_wconf 89' lang='lat' dir='ltr'><strong>fon-</strong></span> 
     </span>
     <span class='ocr_line' id='line_1_27' title="bbox 145 1994 1395 2051; baseline 0.001 -14"><span class='ocrx_word' id='word_1_200' title='bbox 145 1996 326 2037; x_wconf 85' lang='lat' dir='ltr'><strong>ticulum</strong></span> <span class='ocrx_word' id='word_1_201' title='bbox 358 1995 480 2036; x_wconf 87' lang='lat' dir='ltr'><strong>illum</strong></span> <span class='ocrx_word' id='word_1_202' title='bbox 511 1996 611 2035; x_wconf 81' lang='lat' dir='ltr'><strong>vitae</strong></span> <span class='ocrx_word' id='word_1_203' title='bbox 636 1994 843 2035; x_wconf 86' lang='lat' dir='ltr'><strong>relabitur</strong></span> <span class='ocrx_word' id='word_1_204' title='bbox 862 1995 904 2035; x_wconf 90' lang='lat' dir='ltr'><strong>in</strong></span> <span class='ocrx_word' id='word_1_205' title='bbox 927 1995 1068 2046; x_wconf 90' lang='lat' dir='ltr'><strong>fibras,</strong></span> <span class='ocrx_word' id='word_1_206' title='bbox 1092 1995 1130 2037; x_wconf 82' lang='lat'>&amp;</span> <span class='ocrx_word' id='word_1_207' title='bbox 1152 1997 1212 2037; x_wconf 92' lang='lat' dir='ltr'><strong>sic</strong></span> <span class='ocrx_word' id='word_1_208' title='bbox 1241 2011 1395 2051; x_wconf 91' lang='lat' dir='ltr'><strong>perpe—</strong></span> 
     </span>
     <span class='ocr_line' id='line_1_28' title="bbox 145 2064 1394 2117; baseline 0.002 -12"><span class='ocrx_word' id='word_1_209' title='bbox 145 2070 268 2106; x_wconf 90' lang='lat' dir='ltr'><strong>tuum</strong></span> <span class='ocrx_word' id='word_1_210' title='bbox 290 2065 500 2105; x_wconf 89' lang='lat' dir='ltr'><strong>instaurat</strong></span> <span class='ocrx_word' id='word_1_211' title='bbox 522 2064 697 2114; x_wconf 90' lang='lat' dir='ltr'><strong>orbem;</strong></span> <span class='ocrx_word' id='word_1_212' title='bbox 729 2077 786 2103; x_wconf 87' lang='lat' dir='ltr'><strong>ex</strong></span> <span class='ocrx_word' id='word_1_213' title='bbox 806 2064 972 2116; x_wconf 88' lang='lat' dir='ltr'><strong>copulis</strong></span> <span class='ocrx_word' id='word_1_214' title='bbox 993 2064 1085 2117; x_wconf 90' lang='lat' dir='ltr'><strong>ejus</strong></span> <span class='ocrx_word' id='word_1_215' title='bbox 1106 2065 1167 2106; x_wconf 89' lang='lat' dir='ltr'><strong>ita</strong></span> <span class='ocrx_word' id='word_1_216' title='bbox 1187 2066 1394 2107; x_wconf 89' lang='lat' dir='ltr'><strong>continuo</strong></span> 
     </span>
     <span class='ocr_line' id='line_1_29' title="bbox 146 2132 1392 2187; baseline 0.002 -14"><span class='ocrx_word' id='word_1_217' title='bbox 146 2133 326 2185; x_wconf 82' lang='lat' dir='ltr'><strong>rejectis,</strong></span> <span class='ocrx_word' id='word_1_218' title='bbox 349 2133 486 2173; x_wconf 87' lang='lat' dir='ltr'><strong>fames</strong></span> <span class='ocrx_word' id='word_1_219' title='bbox 507 2132 544 2172; x_wconf 71' lang='lat'><strong>81</strong></span> <span class='ocrx_word' id='word_1_220' title='bbox 567 2132 671 2182; x_wconf 81' lang='lat' dir='ltr'><strong>sitis,</strong></span> <span class='ocrx_word' id='word_1_221' title='bbox 695 2145 769 2172; x_wconf 93' lang='lat' dir='ltr'><strong>seu</strong></span> <span class='ocrx_word' id='word_1_222' title='bbox 799 2132 1044 2173; x_wconf 89' lang='lat' dir='ltr'><strong>refectionis</strong></span> <span class='ocrx_word' id='word_1_223' title='bbox 1071 2146 1149 2187; x_wconf 87' lang='lat' dir='ltr'><strong>per</strong></span> <span class='ocrx_word' id='word_1_224' title='bbox 1168 2134 1330 2176; x_wconf 91' lang='lat' dir='ltr'><strong>victum</strong></span> <span class='ocrx_word' id='word_1_225' title='bbox 1354 2135 1392 2176; x_wconf 85' lang='lat'>&amp;</span> 
     </span>
     <span class='ocr_line' id='line_1_30' title="bbox 145 2200 812 2255; baseline -0.001 -13"><span class='ocrx_word' id='word_1_226' title='bbox 145 2201 321 2255; x_wconf 89' lang='lat' dir='ltr'><strong>chylum</strong></span> <span class='ocrx_word' id='word_1_227' title='bbox 344 2200 593 2254; x_wconf 86' lang='lat' dir='ltr'><strong>indigentia,</strong></span> <span class='ocrx_word' id='word_1_228' title='bbox 612 2200 812 2241; x_wconf 83' lang='lat' dir='ltr'><strong>nascitur.</strong></span> 
     </span>
    </p>

    <p class='ocr_par' dir='ltr' id='par_1_3' title="bbox 148 2268 1394 2390">
     <span class='ocr_line' id='line_1_31' title="bbox 203 2268 1393 2321; baseline 0.001 -12"><span class='ocrx_word' id='word_1_229' title='bbox 203 2279 267 2321; x_wconf 87' lang='lat'><strong>97.</strong></span> <span class='ocrx_word' id='word_1_230' title='bbox 303 2268 386 2309; x_wconf 92' lang='lat' dir='ltr'><strong>His</strong></span> <span class='ocrx_word' id='word_1_231' title='bbox 403 2269 494 2321; x_wconf 90' lang='lat' dir='ltr'><strong>jam</strong></span> <span class='ocrx_word' id='word_1_232' title='bbox 514 2268 682 2309; x_wconf 91' lang='lat' dir='ltr'><strong>Formis</strong></span> <span class='ocrx_word' id='word_1_233' title='bbox 704 2268 747 2307; x_wconf 92' lang='lat' dir='ltr'><strong>in</strong></span> <span class='ocrx_word' id='word_1_234' title='bbox 765 2269 843 2308; x_wconf 77' lang='grc'>5113</span> <span class='ocrx_word' id='word_1_235' title='bbox 860 2268 1114 2319; x_wconf 69' lang='lat' dir='ltr'><strong>substantia,</strong></span> <span class='ocrx_word' id='word_1_236' title='bbox 1129 2269 1167 2311; x_wconf 84' lang='lat'>&amp;</span> <span class='ocrx_word' id='word_1_237' title='bbox 1189 2270 1393 2310; x_wconf 88' lang='lat' dir='ltr'><strong>successi-</strong></span> 
     </span>
     <span class='ocr_line' id='line_1_32' title="bbox 148 2336 1394 2390; baseline 0 -11"><span class='ocrx_word' id='word_1_238' title='bbox 148 2338 243 2379; x_wconf 85' lang='lat' dir='ltr'><strong>onis</strong></span> <span class='ocrx_word' id='word_1_239' title='bbox 264 2336 426 2387; x_wconf 88' lang='lat' dir='ltr'><strong>ordine,</strong></span> <span class='ocrx_word' id='word_1_240' title='bbox 445 2336 718 2390; x_wconf 89' lang='lat' dir='ltr'><strong>conspicatis,</strong></span> <span class='ocrx_word' id='word_1_241' title='bbox 739 2341 938 2377; x_wconf 86' lang='lat' dir='ltr'><strong>mutuum</strong></span> <span class='ocrx_word' id='word_1_242' title='bbox 959 2350 1073 2378; x_wconf 87' lang='lat' dir='ltr'><strong>nunc</strong></span> <span class='ocrx_word' id='word_1_243' title='bbox 1099 2351 1246 2378; x_wconf 87' lang='lat' dir='ltr'><strong>earum</strong></span> <span class='ocrx_word' id='word_1_244' title='bbox 1275 2338 1319 2378; x_wconf 90' lang='lat' dir='ltr'><strong>in</strong></span> <span class='ocrx_word' id='word_1_245' title='bbox 1348 2352 1394 2379; x_wconf 92' lang='lat' dir='ltr'><strong>se</strong></span> 
     </span>
    </p>
   </div>
  </div>
 </body>
</html>
