1835 2672
332 133 379 168 90
538 124 722 159 CAPUT
749 125 971 160 SECUND
979 126 1068 171 ΠΜ,
1103 126 1297 162 SECTJO
1327 127 1380 162 Π.

333 222 376 261 in
399 221 546 262 oculos
568 223 645 263 sed
668 223 710 263 in
733 229 902 264 mentes
930 230 1100 264 nostras
1128 224 1296 273 influit;
1328 238 1430 265 nam
1459 224 1591 266 solius

333 289 502 331 infinite
526 291 846 344 Sapientis'est,
861 292 995 333 talem
1018 294 1215 334 ordinem
1238 294 1365 334 rebus
1389 294 1592 335 Universi

333 359 548 411 inducere,
583 359 620 400 ἃ
653 360 763 400 tales
794 361 1034 410 continuaS,
1067 375 1125 401 ex
1154 362 1370 402 continuis
1402 362 1444 401 in
1477 375 1524 402 se
1554 362 1592 403 81

334 434 461 468 extra
482 441 538 477 se,
562 434 750 478 catenas,
768 443 825 469 ex
848 430 976 470 meris
998 430 1158 479 usibus,
1178 431 1376 479 condere,
1392 429 1429 470 ἃ
1453 444 1593 472 nexas

272 518 275 520 -
333 510 471 549 usque
492 498 546 537 ad
575 497 778 550 Seipsum
806 499 1058 539 conducere.
1118 498 1283 539 Videor
1311 499 1458 552 itaque
1486 499 1592 539 mihi

334 566 377 605 in
398 566 475 606 has
498 566 723 607 fruitiones
746 581 901 607 usuum
924 567 962 608 81
989 568 1208 608 bonitates
1236 568 1523 618 introductus,
1546 574 1595 609 ut

334 634 451 675 solus
473 649 552 688 pro
568 636 782 689 omnibus,
797 636 897 688 quia
915 636 986 676 illa
1005 643 1127 676 muta
1146 636 1183 676 &
1200 637 1380 677 rationis
1396 638 1596 690 expertia

333 709 447 752 sunt,
460 704 521 744 sic
542 705 636 744 vice
658 704 842 754 illorum,
857 711 1068 757 tanquam
1088 719 1139 745 ea
1157 719 1213 745 ex
1231 706 1395 758 seipsis,
1410 705 1595 758 gloriam

335 772 445 824 Ejus
476 772 702 821 celebrem,
733 787 782 813 ac
813 773 1121 814 venerabunda
1156 773 1193 813 ἃ
1225 775 1388 827 gratias
1420 775 1596 827 agentia

332 847 436 881 vota
473 841 667 882 fundam.
731 841 814 881 His
851 842 979 881 dictis
1011 842 1049 882 &
1076 842 1349 895 complicatis
1381 843 1594 892 manibus,

334 923 380 949 se
412 910 775 962 circumspiciens,
804 910 912 950 vidit
944 924 990 950 se
1021 900 1344 951 candidissim'ae
1378 911 1492 960 nubi,
1527 912 1595 952 cui

334 992 499 1018 aurorae
528 978 691 1019 similes
724 993 927 1032 purpurae
961 978 998 1019 ἃ
1033 978 1223 1019 flammae
1253 980 1505 1029 inerrarent,
1532 980 1596 1020 in-

333 1048 524 1087 cinctum
547 1062 555 1098 ;
606 1048 649 1087 in
689 1047 835 1087 medio
877 1053 970 1088 erat
1011 1047 1143 1088 choro
1192 1048 1455 1098 Caelestium,
1498 1062 1596 1101 quae

334 1116 545 1165 arborem,
561 1116 692 1168 juxta
715 1130 847 1169 quam
865 1117 1166 1166 consederant,
1183 1130 1237 1156 ne
1254 1117 1358 1169 quid
1376 1130 1434 1156 ex
1452 1116 1598 1157 fructi-

333 1185 416 1226 bus
445 1185 538 1238 ejus
567 1192 776 1238 carperet,
806 1185 1142 1235 custodiebant,
1174 1185 1275 1225 hinc
1307 1199 1475 1225 sacram
1504 1198 1598 1225 esse

337 1255 523 1294 Pomum
565 1255 930 1303 animadvertens,
973 1253 1092 1293 illam
1134 1253 1353 1294 Arborem
1402 1254 1596 1294 scientiae

334 1323 451 1373 boni,
474 1322 618 1364 adhuc
641 1323 821 1372 nescius,
843 1323 947 1375 quid
971 1322 1135 1363 malum
1165 1330 1291 1373 esset,
1314 1323 1406 1376 ipse
1433 1337 1598 1365 nuncu-

336 1393 483 1446 pabat

397 1470 459 1512 54.
491 1460 592 1500 Non
614 1459 764 1512 procul
787 1460 842 1500 ab
864 1461 965 1500 area
986 1459 1115 1512 hujus
1145 1459 1269 1509 Circi,
1293 1461 1435 1512 patuit
1457 1459 1597 1500 eleva-

335 1536 441 1577 tum,
465 1529 507 1568 in
530 1529 711 1568 modum
734 1528 926 1578 Theatri‚
947 1528 1115 1577 Solum,
1137 1528 1381 1581 Tapetibus
1403 1542 1462 1568 ex
1484 1528 1598 1568 fiori-

335 1598 416 1638 bus
452 1598 587 1637 textis
622 1597 997 1650 superinstratum,
1035 1597 1072 1637 δι
1106 1596 1276 1637 Aulaeis
1312 1611 1368 1637 ex
1401 1611 1448 1637 se
1483 1598 1598 1638 natis

336 1668 554 1716 cinctum;
596 1666 772 1706 frondes
809 1667 924 1706 enim
961 1666 1165 1715 arbuteae,
1197 1666 1430 1718 pampinea
1466 1667 1597 1706 inter-

335 1734 498 1775 fluente
518 1735 618 1783 vite,
642 1734 679 1774 Sc
703 1734 844 1787 reptili
866 1734 1039 1783 hedera,
1062 1735 1123 1774 ita
1144 1735 1303 1774 vinctae
1325 1734 1362 1774 &
1385 1741 1597 1775 consertae

337 1810 472 1852 erant,
487 1810 534 1843 ut
557 1803 805 1844 circuitibus
823 1804 911 1843 suis
925 1803 1013 1843 tale
1030 1802 1377 1843 discriminarent
1394 1804 1595 1856 spatium,

338 1873 377 1913 ἃ
409 1872 539 1912 simul
568 1873 737 1912 nativas
765 1878 1130 1924 repraesentarent
1160 1871 1349 1913 Scenas:
1384 1871 1468 1912 huc
1497 1885 1598 1912 suas

339 1941 585 1995 Nymphas,
616 1955 702 1981 non
733 1941 901 1989 invitas,
925 1947 972 1980 ut
1001 1940 1057 1980 ad
1086 1953 1209 1980 suam
1238 1940 1499 1993 palaestram,
1520 1954 1596 1981 seu

340 2011 517 2051 Ludum
555 2010 805 2062 Sapientiae,
843 2009 1057 2058 deduxit;
1103 2022 1233 2061 quem
1272 2022 1349 2060 per
1379 2009 1598 2050 sciscitata

339 2080 378 2120 &
419 2092 638 2132 responsa,
676 2085 886 2130 tanquam
923 2077 978 2117 ad
1016 2077 1201 2123 oracula,
1239 2090 1422 2129 quorum
1459 2083 1598 2117 sortes

340 2148 599 2196 evolverent,
638 2147 851 2196 instituit;
905 2145 942 2186 &
980 2146 1246 2187 Victricibus
1286 2159 1365 2185 sua
1405 2146 1597 2198 praemia,

339 2217 579 2258 secundum
602 2216 797 2268 responsi
824 2216 1098 2269 dignitatem,
1122 2215 1159 2255 ἃ
1185 2214 1444 2255 obscurioris
1471 2214 1598 2255 sortis

340 2287 647 2337 evolutionem,
667 2286 860 2338 addixit,
891 2287 967 2327 sed
991 2299 1076 2326 non
1098 2285 1267 2339 palmas
1289 2284 1326 2325 ἃ
1348 2283 1503 2334 lauros,
1521 2289 1597 2324 aut
