1783 2760
495 191 573 224 DE
604 191 803 225 AMORE
836 193 1219 227 PRJMOGENJTI.
1423 194 1487 236 183

229 287 358 334 tubae,
382 288 520 336 turba,
542 288 646 327 dum
675 302 699 328 a
731 302 900 329 carcere
927 291 1082 339 evolat,
1108 290 1145 330 ἃ
1178 305 1253 343 per
1285 290 1484 331 dimensa

229 357 302 396 illa
325 357 467 405 fertur,
490 370 638 396 cursus
670 357 955 409 utplurimum
989 373 1130 399 errore
1162 360 1335 409 fallitur,
1360 360 1485 399 dum-

229 438 316 477 que
352 438 398 464 se
434 426 551 464 recta
586 426 844 465 curriculum
878 440 1017 479 agere,
1051 426 1088 466 ἅν.
1126 429 1266 479 ipsam
1304 434 1483 480 tangere

230 499 404 540 metam,
428 492 620 540 credunt,
646 507 820 545 prorsus
856 495 898 533 in
933 495 1151 534 diversum
1188 509 1213 535 a
1241 495 1372 548 plaga
1400 497 1484 537 ista

225 561 397 613 elapsos
413 561 723 613 appercipiunt.
776 561 969 614 Quidam
987 563 1119 603 etiam
1143 564 1356 616 praeligati
1380 579 1482 605 ocu-

228 629 279 668 lis
303 630 343 668 in
367 629 497 681 longa
519 630 627 669 serie
656 632 928 671 concatenati
963 631 1158 677 ruebant,
1182 633 1339 684 quibus
1371 646 1480 685 prae-

226 697 327 736 secti
370 703 491 736 erant
544 697 702 745 Duces,
744 699 980 739 immensas
1026 699 1068 739 in
1119 713 1252 739 manu
1294 700 1481 741 ferentes

229 779 412 818 mappas
448 765 485 805 &
524 766 813 814 membranas,
844 767 887 806 in
921 768 1079 819 quibus
1114 769 1283 808 viarum
1319 782 1483 809 errores

229 847 306 886 per
345 834 498 886 cippos
539 834 576 874 81
629 834 792 874 indices
832 835 1049 888 designati
1092 837 1357 887 exstabant;
1402 838 1483 890 ipsi

230 903 386 951 Duces,
409 902 544 942 oculis
576 902 663 942 late
686 904 858 955 apertis,
882 910 1092 956 tanquam
1130 905 1272 957 lyncei
1304 919 1486 958 appare—

229 971 346 1020 bant,
371 971 446 1010 sed
477 971 549 1023 qui
577 985 725 1010 amore
751 972 815 1011 sui
847 972 1087 1025 mundique
1119 975 1336 1022 occaecati,
1355 975 1481 1014 nobis

228 1040 307 1079 visi
343 1046 454 1084 sunt,
479 1040 588 1079 sicut
626 1039 696 1087 illi,
718 1040 792 1092 qui
826 1041 953 1092 gutta
982 1043 1133 1080 serena
1154 1048 1228 1081 aut
1250 1044 1482 1092 amaurosi,

230 1114 358 1159 prout
393 1108 475 1147 illis
511 1108 768 1160 appellatur,
803 1108 1015 1157 laborant,
1050 1109 1087 1148 ἃ
1122 1110 1301 1162 quidam
1339 1112 1486 1160 strabi,

230 1176 393 1229 hirquis
423 1177 700 1216 transversim
734 1177 984 1226 tuentibus;
1017 1178 1190 1217 turbam
1223 1180 1489 1231 sequebatur

230 1258 388 1297 agmen
411 1245 622 1292 lictorum,
647 1245 720 1296 qui
744 1259 768 1284 a
790 1245 898 1284 serie
919 1245 1103 1297 elapsos,
1128 1247 1169 1285 in
1193 1248 1487 1299 praestitutum

230 1313 437 1361 ordinem,
480 1313 653 1352 scuticis
705 1313 743 1353 &
797 1312 898 1352 loris
940 1314 1263 1366 compellerent.
1348 1317 1487 1358 Erant

229 1382 374 1428 etiarn,
404 1382 475 1434 qui
514 1381 717 1420 omnibus
752 1382 904 1421 stadiis
942 1383 1139 1422 curriculi
1165 1386 1364 1433 emensis,
1388 1400 1486 1438 pro-

229 1456 379 1502 spectu
416 1464 494 1490 suo
531 1450 670 1489 metiri
703 1450 881 1502 quidem
915 1450 1179 1491 videbantur
1202 1453 1383 1502 Metam,
1407 1456 1483 1495 sed

229 1525 331 1559 tunc
372 1519 561 1571 primum
612 1518 660 1558 iis
710 1518 937 1571 interjecta
979 1520 1221 1571 apparebat
1265 1522 1484 1574 profunda

228 1601 402 1639 vorago,
426 1600 480 1626 ex
510 1586 706 1626 faucibus
738 1588 954 1627 montium
987 1588 1176 1629 diductis
1202 1597 1435 1644 praerupta,
1459 1607 1484 1633 a

227 1655 350 1708 cujus
389 1656 524 1696 altera
565 1657 668 1708 ripa,
703 1656 795 1708 ipsa
837 1656 972 1696 Metae
1013 1657 1218 1698 columna
1254 1673 1353 1699 cum
1394 1662 1483 1701 suis

227 1724 575 1765 authoramentis
612 1739 661 1764 ac
694 1725 883 1777 praemiis
918 1726 1279 1778 conspiciebatur,
1313 1728 1374 1768 sic
1409 1730 1484 1770 de-

228 1807 361 1841 mum,
394 1807 493 1833 cum
526 1793 716 1845 planctu,
752 1793 1113 1845 appercipientes,
1150 1796 1268 1847 quod
1306 1810 1481 1838 omnem

228 1863 395 1902 viarum
418 1875 591 1902 suarum
615 1868 891 1913 campum‚ut
910 1863 1100 1903 redirent
1118 1864 1161 1902 in
1179 1870 1354 1913 rectam,
1373 1879 1483 1918 quae,

227 1931 331 1983 quia
364 1935 561 1982 augusta,
585 1943 671 1969 non
707 1930 800 1969 visa
834 1931 909 1970 sed
944 1937 1229 1983 praetercursa
1261 1932 1398 1981 fuerit,
1422 1948 1484 1974 re-

228 2012 443 2038 mensurae
476 2004 630 2037 essent.
694 1997 907 2037 Nonnulli
940 2005 1099 2047 autem,
1134 1999 1229 2040 loco
1266 2003 1384 2053 quod
1425 2003 1479 2042 ad

230 2068 410 2114 Metam,
437 2066 492 2106 ad
519 2066 728 2118 superbas
755 2067 993 2118 palaestras,
1017 2081 1066 2108 ac
1091 2069 1133 2108 in
1156 2082 1282 2109 aerea
1304 2070 1481 2123 palatia,

227 2136 284 2175 ab
308 2136 401 2188 ipso
423 2134 621 2174 delusore
641 2135 811 2186 generis
840 2133 1032 2184 humani,
1054 2135 1235 2188 ejusque
1262 2139 1482 2188 ministris,

228 2217 274 2243 se
311 2203 510 2242 inductos
543 2203 764 2251 videbant,
800 2203 871 2242 ubi
914 2204 1055 2243 omnis
1095 2205 1264 2256 generis
1307 2206 1483 2248 fallaces

228 2271 402 2319 delitiae,
425 2271 462 2311 Sc
486 2271 717 2310 mendaces
738 2277 986 2323 apparatus,
1008 2285 1159 2312 sensus
1185 2286 1334 2313 eorum
1359 2274 1484 2314 fasci-

229 2339 420 2389 nabant;
466 2339 719 2388 nescientes
762 2339 879 2392 quod
921 2340 1014 2380 haec
1055 2340 1304 2381 dicerentur
1342 2341 1480 2384 hostis
