1835 2672
351 151 416 175 100
561 140 745 175 CAPUT
773 139 1093 183 SECUNDUM,
1128 138 1324 173 SECTJO
1357 139 1411 173 II.

348 238 441 287 Ille,
477 238 557 278 nisi
591 252 716 278 verso
756 238 944 286 cardine,
986 251 1064 290 per
1100 238 1243 290 ipsum
1283 251 1411 278 suum
1453 237 1615 287 lumen,

346 307 545 361 pellucet.
610 307 722 347 Haec
750 306 843 359 jam
875 313 942 347 est
977 320 1121 356 causa,
1155 306 1273 359 quod
1308 320 1407 347 cum
1440 307 1614 359 penitus

346 378 459 417 intra
479 382 523 417 te
544 375 722 429 illapsus
744 377 812 426 sis,
835 376 1057 429 putaveris
1079 382 1123 416 te
1153 389 1284 428 supra
1313 381 1389 415 aut
1418 381 1544 416 extra
1571 382 1615 416 te

345 452 519 498 raptum
543 459 664 495 esse;
695 445 772 485 sed
796 451 861 485 est
891 444 1074 493 Caelum,
1095 444 1212 497 quod
1244 444 1378 484 etiam
1409 444 1614 497 Regnum

346 515 431 555 Dei
451 515 619 563 dicitur,
642 514 816 567 penitus
839 513 952 554 intra
973 526 1062 553 nos
1126 513 1300 553 Mentes
1324 519 1483 553 nostrae
1505 513 1615 554 tales

345 590 459 633 sunt,
495 590 542 624 ut
584 583 788 635 utrinque
828 583 950 631 verti,
985 588 1199 634 tanquam
1240 595 1370 635 super
1404 582 1617 631 cardines,

346 659 521 706 queant,
543 652 706 692 scilicet
727 652 962 692 introrsum
986 651 1025 692 &
1047 657 1309 700 extrorsum,
1331 665 1406 691 seu
1437 664 1610 691 sursum

347 722 385 762 δι
404 722 630 771 deorsum;
663 727 763 761 sunt
781 721 896 761 enim
915 726 1126 772 tanquam
1143 719 1272 769 bivia,
1285 733 1360 759 seu
1376 719 1614 760 diversoria

345 791 435 832 bini
466 790 678 844 hospitis;
711 791 754 830 in
785 789 881 830 illas
909 791 1025 830 enim
1053 790 1157 830 bina
1190 788 1378 830 influunt
1412 790 1615 841 Lumina,

345 873 492 907 unum,
523 860 640 912 quod
672 859 831 899 dicitur
861 858 1108 911 Spirituale,
1135 872 1161 898 a
1196 858 1412 911 Supremo
1447 857 1486 899 &
1521 858 1614 911 ejus

345 927 541 978 Amore;
589 928 774 968 alterum
811 927 1037 976 Naturale,
1070 941 1095 967 a
1133 926 1237 968 Sole
1273 927 1408 967 nostri
1446 927 1615 977 Mundi,

346 996 526 1049 ejusque
557 996 740 1047 Calore3
780 996 875 1036 haec
903 997 945 1036 in
983 996 1208 1036 Mentibus
1243 996 1401 1036 nostris
1435 1009 1616 1036 concur—

346 1072 457 1114 runt,
479 1080 537 1106 ex
560 1080 647 1119 quo
667 1079 874 1106 concursu
899 1065 1008 1105 fiunt
1036 1065 1120 1105 illae
1149 1065 1262 1105 sicut
1291 1065 1453 1106 Centra
1480 1066 1616 1105 totius

348 1135 563 1184 Universi,
586 1135 692 1176 Caeli
712 1134 876 1175 scilicet
901 1134 938 1174 ἃ
969 1123 1125 1174 Mundi
1146 1148 1155 1184 ;
1187 1133 1288 1174 hinc
1316 1134 1372 1174 ab
1402 1133 1496 1183 illis,
1521 1139 1569 1174 ut
1589 1148 1615 1174 a

348 1203 532 1253 Centris,
548 1218 662 1244 novo
678 1204 771 1243 visu
790 1204 1030 1256 exspatiari
1049 1203 1148 1243 licet
1171 1203 1214 1242 in
1237 1216 1389 1243 omnes
1410 1203 1613 1244 Universi

347 1272 627 1326 peripherias,
661 1273 699 1313 81
734 1280 946 1325 tanquam
983 1273 1171 1325 geminis
1206 1272 1342 1312 oculis
1378 1278 1615 1325 utrumque

348 1342 605 1382 Paradisum
627 1342 820 1381 lustrare.
876 1341 955 1381 Per
974 1341 1087 1381 hanc
1107 1341 1224 1381 viam
1249 1340 1453 1394 Supremi
1471 1341 1616 1381 Amor

346 1417 390 1451 te
412 1411 468 1451 ad
493 1412 550 1452 Se
573 1411 846 1461 introduxit,
882 1410 1059 1450 sustulit
1082 1409 1214 1449 modo
1236 1409 1552 1458 umbraculum,
1575 1409 1614 1450 ἃ

347 1493 425 1519 suo
447 1486 490 1519 te
513 1479 697 1532 replevit
725 1492 885 1527 amore,
906 1478 1067 1518 exhinc
1094 1478 1265 1518 videras
1294 1484 1337 1518 te
1366 1479 1409 1517 in
1438 1478 1612 1518 intimis.

349 1548 438 1589 Sed
467 1562 645 1588 causam
673 1549 807 1588 etiam
836 1548 959 1596 scias,
987 1547 1163 1596 scilicet,
1191 1553 1239 1587 ut
1266 1547 1326 1586 sic
1362 1547 1613 1587 Maximum

350 1616 595 1657 Creationis
624 1628 781 1667 gyrum
813 1615 1072 1663 absolveret,
1101 1615 1244 1667 adque
1274 1628 1319 1654 se
1351 1615 1614 1656 conduceret

349 1686 560 1725 universae
588 1691 756 1724 naturae
782 1698 926 1737 gerS,
949 1690 997 1724 ut
1023 1685 1078 1723 sit
1106 1684 1303 1724 omnium
1334 1697 1484 1724 eorum
1515 1684 1614 1724 ulti-

350 1768 458 1803 mus,
493 1754 604 1794 sicut
640 1760 706 1793 est
741 1754 933 1806 primus,
976 1766 1078 1793 nam
1114 1766 1192 1805 per
1228 1753 1402 1793 Mentes
1443 1759 1614 1794 nostras

350 1824 549 1863 universa
578 1830 733 1862 natura
762 1822 817 1863 ad
849 1822 1112 1874 Supremum
1142 1835 1268 1861 suum
1298 1822 1613 1873 introducitur;

349 1905 484 1944 quare
516 1898 562 1931 tu
597 1905 652 1939 es,
681 1897 757 1931 aut
792 1897 868 1930 tua
900 1891 1041 1940 Mens,
1070 1891 1241 1931 unionis
1274 1891 1484 1940 omnium,
1514 1904 1613 1944 quae

349 1968 495 2000 creata
518 1966 630 2009 sunt,
652 1974 728 2012 per
747 1959 974 2008 Amorem,
990 1959 1211 2000 vinculum
1236 1959 1274 1999 &
1297 1959 1491 1999 medium
1510 1973 1518 1999 :
1551 1960 1613 2000 sic

344 2030 435 2082 jam
448 2030 599 2081 juncta
618 2036 719 2069 sunt
736 2029 941 2070 Caelestia
955 2028 1241 2077 terrestribus,
1256 2027 1293 2068 &
1308 2028 1402 2068 haec
1418 2028 1613 2069 Caelesti-

348 2099 438 2139 bus.
474 2097 721 2150 Quaesieras
737 2098 868 2138 etiam
882 2111 1029 2150 nuper,
1041 2098 1145 2150 quid
1162 2097 1287 2137 Divae
1303 2096 1613 2149 Intelligentiae

350 2168 577 2207 nobiscum
611 2167 902 2207 confabulatae
935 2173 1062 2217 sunt;
1101 2167 1143 2206 id
1178 2166 1257 2206 tibi
1287 2165 1380 2218 jam
1413 2167 1610 2216 edicam;

344 2237 478 2289 jussae
508 2242 621 2284 sunt,
650 2243 696 2275 ut
724 2236 895 2288 quoties
923 2236 966 2275 in
999 2235 1252 2275 Paradisum
1281 2241 1404 2275 tuum
1431 2235 1610 2276 descen-

352 2306 513 2353 derent,
532 2304 649 2357 prius
670 2318 841 2357 semper
863 2303 1045 2344 biforem
1063 2310 1186 2344 tuum
1207 2302 1482 2353 Heliconem,
1499 2304 1610 2344 sicut
