1783 2760
461 161 538 195 DE
580 160 799 196 VIVARJO
831 161 1106 197 PARADJSI.
1368 172 1411 206 39

151 260 314 308 Mente,
331 265 432 300 ante
454 259 641 312 origines
662 259 887 312 originum,
902 273 977 299 seu
1000 265 1104 300 ante
1125 264 1269 299 ortum
1296 259 1409 301 Solis

126 329 192 370 ·&
228 329 441 380 Siderum,
472 331 539 370 cui
573 343 659 370 non
690 330 832 383 potuit
862 343 959 377 non,
989 336 1080 370 tam
1111 330 1409 371 universaliter

151 411 283 450 quam
317 398 667 452 singularissime,
702 398 830 438 simul
871 398 909 439 &
952 399 993 438 in
1035 412 1121 438 uno
1161 398 1407 451 complexu,

153 473 201 507 ut
234 481 423 520 praesens
458 468 597 508 inesse
633 467 670 507 &
707 468 870 516 adesse,
908 480 993 507 non
1027 466 1169 507 solum
1204 467 1407 520 quicquid

153 535 315 577 Solaris
356 536 561 584 Mundus,
602 536 678 576 sed
721 537 852 576 etiam
895 536 1101 588 quicquid
1146 536 1407 576 Universum

151 605 461 654 universorum,
482 604 520 644 &
546 605 712 646 Caelum
742 604 958 653 caelorum,
982 618 1039 644 ex
1073 604 1166 644 ovis
1193 605 1293 653 suis,
1315 618 1409 644 suc-

151 673 323 723 cessive,
339 674 505 726 absque
526 675 643 713 omni
668 673 705 713 &
727 673 908 713 minimo
931 686 1055 713 casus
1079 686 1230 722 errore,
1254 673 1408 713 educe-

151 741 316 792 rent(t).
380 742 489 782 Haec
524 742 660 782 altera
691 748 784 782 erat
819 741 860 781 in
899 755 1011 782 novo
1047 741 1178 782 Orbis
1213 740 1408 781 Theatro

152 811 304 860 Scena,
328 816 395 851 tot
422 810 585 851 festivis
615 810 653 850 ἃ
683 810 998 863 campestribus
1020 809 1273 850 Viventium
1295 809 1408 850 ludis

149 879 450 920 condecorata.

196 985 245 1030 (t)
266 985 467 1030 Cujusdam
481 985 685 1020 Creationis
700 985 822 1019 ideam
835 984 872 1018 in
887 984 1053 1029 ipsismet
1067 984 1201 1019 nostris
1219 985 1407 1019 Mentibus

150 1048 451 1086 repraesentatam
465 1041 552 1074 satis
566 1040 758 1085 perspicue
771 1040 1011 1084 contemplari
1023 1051 1231 1084 possumus:
1261 1041 1407 1074 Mentes

150 1097 249 1132 enim
266 1103 401 1130 nostrae
419 1096 487 1129 sibi
507 1096 665 1140 primum
683 1101 947 1139 repraesentant
969 1095 1071 1137 fines,
1090 1095 1151 1139 qui
1175 1101 1258 1128 sunt
1282 1105 1408 1128 eorum

149 1151 279 1196 primae
304 1151 336 1184 &
361 1150 499 1184 ultimae
524 1156 642 1193 metae,
668 1150 716 1183 ad
742 1160 832 1194 quas
859 1149 1070 1184 collimant:
1104 1161 1189 1183 mox
1214 1149 1408 1184 intendunt

151 1206 282 1241 mediis
306 1217 370 1240 seu
393 1206 525 1249 causis,
543 1216 626 1250 quae
650 1205 720 1239 sibi
744 1211 871 1239 mutuo
896 1204 1145 1238 subordinatae
1167 1211 1407 1249 promoveant

152 1261 243 1295 fines
261 1272 326 1305 per
346 1261 509 1303 effectus,
526 1267 565 1294 ut
588 1260 746 1294 existant
768 1271 855 1293 usus
874 1272 880 1301 ;
907 1271 979 1304 qua
1002 1260 1144 1294 ratione
1166 1260 1277 1293 etiam
1301 1260 1406 1304 quasi

153 1317 235 1350 Ova
256 1316 470 1358 formantur,
488 1326 571 1360 quae
593 1326 615 1348 a
642 1316 768 1349 Mente
794 1314 967 1357 animata,
987 1314 1019 1348 ἃ
1044 1325 1109 1359 per
1133 1325 1296 1348 amorem
1322 1315 1404 1349 finis

150 1377 340 1415 concepta,
357 1382 442 1404 mox
459 1370 571 1404 etiam
588 1370 665 1404 fota
683 1370 715 1404 ἃ
739 1370 896 1412 exclusa,
914 1369 1120 1414 producunt
1144 1370 1273 1404 vitales
1294 1370 1403 1405 foetus

149 1432 343 1472 praeceptae
362 1425 455 1460 ideae
473 1425 679 1459 conformes
698 1437 704 1458 :
731 1425 768 1458 in
787 1425 917 1469 quibus
933 1431 1096 1469 apparet,
1111 1425 1209 1469 quod
1227 1425 1296 1469 ipsi
1314 1425 1405 1460 fines

151 1482 183 1516 &
200 1492 287 1516 usus
305 1493 327 1515 a
344 1481 464 1515 causis
483 1481 514 1515 ἃ
531 1481 663 1514 mediis
678 1480 711 1513 in
729 1480 846 1525 prima
865 1491 931 1513 sua
948 1480 1088 1523 origine
1106 1491 1252 1525 prorsus
1271 1480 1405 1514 diversi

146 1537 290 1580 fuerint,
305 1537 337 1571 δε
355 1536 391 1569 in
409 1542 531 1570 mente
546 1542 758 1580 praesentes,
772 1541 958 1580 utcunque
973 1535 1041 1569 sibi
1056 1542 1183 1569 mutuo
1203 1535 1405 1570 succedunt

149 1591 391 1626 mediationes
422 1602 486 1625 seu
516 1602 708 1624 causarum
739 1590 861 1634 series,
891 1602 973 1635 quae
1004 1591 1035 1624 &
1066 1591 1156 1634 ipsae
1184 1597 1269 1624 ante
1299 1601 1405 1624 suum

149 1654 280 1690 ortum,
307 1646 424 1690 simul,
450 1646 482 1680 &
508 1646 544 1679 in
570 1657 643 1679 uno
670 1646 872 1690 complexu,
899 1646 1021 1680 eidem
1051 1646 1168 1680 Menti
1194 1645 1402 1680 inexistunt.

152 1704 244 1736 Haec
274 1702 303 1736 si
333 1702 370 1736 in
402 1702 589 1736 Mentibus
620 1701 784 1736 obscuris
814 1701 846 1735 ὃ(
877 1701 1118 1744 finitissimi53
1153 1701 1240 1746 quid
1266 1712 1340 1735 non
1366 1701 1402 1736 in

150 1759 278 1793 Mente
297 1757 433 1792 Divina
451 1757 483 1792 δε
504 1757 662 1792 Infinita.
