1783 2760
435 137 514 171 DE
544 136 818 171 JNFANTIA
854 136 1237 171 PRJMOGENJTJ.
1420 144 1462 181 57

202 234 398 274 crederes
420 234 561 288 ipsum
584 234 798 287 Magnum
820 233 862 273 in
886 234 1113 273 minimum
1129 239 1461 274 concentratum

203 315 329 342 suum
350 309 518 355 typum,
542 302 780 342 secundum
812 316 943 355 quem
976 302 1018 342 id
1051 302 1311 354 designaret,
1332 303 1370 342 ei
1398 307 1464 343 at-

203 370 363 411 tulisse.
426 371 576 423 Ipsum
605 371 737 410 etiam
769 370 1017 410 Maximum
1049 370 1205 410 Mundi
1236 370 1394 420 Ovum,
1418 371 1462 411 in

203 439 394 491 quadam
424 439 565 492 effigie
593 452 849 491 expressum
876 438 1366 492 animadvertebant(b),
1387 452 1465 491 per

203 507 340 559 quod„
366 507 605 547 secundum
637 508 835 559 geminos
872 506 1011 555 Axes,
1045 506 1174 547 fibras
1206 520 1320 555 suas,
1352 507 1463 547 sicut

204 575 358 623 radios,
386 575 441 616 ab
471 575 573 628 ipsis
601 575 709 615 aulis
738 574 776 614 &
806 575 1037 615 domiciliis
1069 575 1463 628 Intelligentiarum

203 644 392 692 eductas,
403 644 445 683 in
461 643 680 683 inferiores
691 644 755 683 sui
772 643 1025 693 Mundi‚seu
1037 643 1253 696 Corporis,
1264 643 1463 696 regiones

203 712 442 751 transmisit
472 711 510 752 &
543 711 707 752 effudit.
770 711 972 764 Denique
1004 713 1122 764 quod
1157 712 1250 765 ipsa
1282 712 1462 761 Anima,

203 780 338 820 instar
360 780 575 829 Numinis,
597 781 639 820 in
662 780 825 820 intimis
852 780 890 820 &
917 781 1142 833 supremis,
1165 794 1289 821 suam
1312 781 1462 821 sedem

203 847 392 901 elegerit,
410 854 458 888 ut
473 847 579 888 nihil
602 862 700 898 non,
717 849 827 889 sicut
847 855 973 889 extra
997 848 1034 889 ἃ
1057 849 1167 888 infra
1189 863 1234 889 se
1256 849 1461 902 positum,

204 918 470 970 conspiceret
505 917 542 957 &
575 924 768 970 regeret:
822 919 982 958 Praeter
1016 918 1158 958 adhuc
1194 918 1329 971 plura,
1364 931 1462 970 quae

203 986 375 1039 signata
396 992 529 1035 erant,
549 1000 734 1038 quorum
757 986 958 1026 ultimum
982 992 1169 1034 textum,
1188 1000 1213 1026 a
1234 986 1396 1039 primis,
1415 992 1463 1026 ut

205 1054 243 1094 δε
272 1069 297 1095 a
326 1054 481 1095 finibus
507 1069 532 1094 a
558 1068 751 1094 nexuum
778 1069 823 1095 se
850 1056 1209 1107 consequentium
1239 1055 1347 1095 serie
1376 1054 1464 1095 elu-

205 1123 412 1171 centibus,
435 1129 483 1163 ut
500 1122 700 1174 jamdum
723 1122 926 1162 effectum
949 1123 1247 1175 pervidebant.

260 1202 327 1243 42.
361 1192 598 1243 Postquam
648 1197 739 1231 tam
790 1190 1009 1231 luculente
1055 1190 1121 1230 his
1162 1192 1334 1244 gaudiis
1382 1191 1463 1232 sibi

204 1260 470 1308 indulserint,
493 1260 608 1299 hunc
641 1260 757 1299 diem
790 1259 1032 1300 Creationis
1060 1259 1273 1309 ultimum,
1298 1260 1335 1300 &
1369 1260 1464 1300 Hu-

204 1329 321 1369 mani
348 1328 517 1381 generis
539 1328 738 1380 primum,
756 1328 897 1368 Festis
915 1328 1134 1377 mandare,
1153 1328 1191 1369 ἃ
1214 1329 1251 1369 ei
1274 1329 1463 1370 indicere

203 1397 622 1446 honores‚consensu
639 1396 1177 1447 unanimo,decernebant;
1197 1403 1463 1450 quapropter

205 1479 364 1506 novum
412 1465 631 1518 quendam
685 1465 873 1514 Ludum‚
916 1465 1238 1506 Paradisiacum
1284 1467 1461 1515 dictum,

203 1547 428 1587 nunquam
457 1534 573 1586 prius
606 1534 648 1573 in
673 1533 801 1574 Caelis
833 1533 1118 1583 ludificatum,
1146 1535 1463 1584 instituebant3

204 1604 280 1644 sed
332 1617 419 1643 non
467 1616 544 1655 per
593 1602 772 1643 choreas
824 1602 861 1642 ἃ
911 1603 1259 1655 tripudiationes,
1312 1603 1463 1656 quales

205 1671 429 1725 Nymphae
456 1672 700 1712 Terrestres
733 1671 774 1710 in
808 1671 1009 1711 ludorum
1043 1672 1256 1725 palaestris
1287 1673 1462 1725 suisque

204 1741 434 1795 gynaeceis,
464 1740 540 1780 sed
572 1740 735 1792 quales,
761 1739 970 1781 Caelestes
1007 1740 1325 1793 Intelligentiae,
1355 1742 1459 1781 dum

206 1824 253 1851 se
285 1810 327 1849 in
359 1815 522 1849 statum
554 1808 826 1857 innocentiae,
850 1807 887 1848 &
919 1809 1042 1861 quasi
1074 1809 1314 1859 infantiam,
1343 1824 1462 1850 reve-

205 1879 306 1919 here
323 1878 571 1930 discupiunt
590 1891 597 1926 ;
620 1877 741 1917 illurn
760 1877 875 1917 enim
896 1877 956 1917 ita
973 1891 1049 1930 per
1063 1890 1203 1930 gyros,
1223 1877 1260 1918 &
1286 1884 1462 1919 mutuos

252 2019 299 2064 (b)
329 2018 475 2053 Scilicet
506 2018 719 2060 Cerebrum,
745 2017 845 2061 quod
871 2028 944 2051 non
971 2017 1090 2052 solum
1118 2018 1199 2052 Ovo
1224 2019 1459 2063 assimilatur,

207 2075 273 2110 sed
289 2074 401 2108 etiam
419 2084 546 2107 omnes
565 2072 676 2106 fibras
694 2083 716 2105 a
733 2072 952 2115 supradictis
966 2072 1155 2117 principiis
1174 2073 1351 2116 exclusas,
1367 2074 1403 2107 in
1422 2086 1462 2109 se

206 2130 364 2175 primum
380 2128 523 2172 excipit,
542 2127 574 2161 ὃς
591 2139 676 2161 mox
694 2127 920 2169 transmittit,
939 2127 971 2161 δε
998 2127 1156 2172 denique
1182 2128 1263 2162 illas
1289 2140 1354 2173 per
1380 2129 1458 2163 Me-

207 2184 346 2219 dullam
381 2183 630 2226 Oblongatam
663 2182 696 2216 &
728 2182 926 2226 Spinalem,
954 2182 1014 2216 hic
1048 2183 1160 2216 etiam
1194 2184 1459 2227 corroboratas,

207 2240 241 2274 δε
269 2239 306 2272 in
334 2239 476 2273 Nervos
501 2238 686 2280 collectas,
712 2237 957 2283 undequaque
982 2238 1020 2272 in
1047 2238 1219 2283 Corporis
1248 2239 1459 2274 Provincias

209 2293 366 2329 deducit.
