1783 2760
453 148 531 182 DE
563 146 761 181 AMORE
793 146 968 181 PRIMO
975 146 1175 180 GENJTJ.
1379 156 1442 190 129

186 247 247 287 ita
269 246 400 287 etiam
421 244 715 285 subsistimus:
738 242 780 282 id
799 243 974 282 tametsi
992 256 1048 282 ex
1066 243 1261 282 omnium
1282 244 1440 295 genesi,

187 315 226 356 81
249 314 501 366 cumprimis
525 326 582 352 ex
605 317 763 360 nostra,
782 316 944 363 pateat,
958 310 1167 350 Veritatis
1186 311 1228 349 in
1250 324 1328 351 sua
1350 311 1442 351 luce

186 383 402 435 ponendae
424 394 560 433 usque
582 380 773 427 interest,
797 384 844 419 ut
866 378 1000 419 telam
1027 379 1159 418 modo
1187 379 1442 425 confectam.

188 465 246 491 ex
268 450 433 491 ultimis
455 450 541 489 suis
564 448 658 497 filis,
682 447 862 501 paulum
885 453 1095 488 retexam.
1140 447 1307 488 Anima
1329 449 1442 501 ipsas

190 519 424 571 Imagines,
445 530 543 570 quae
571 523 737 557 naturae
767 516 805 556 &
834 516 926 568 ejus
955 516 1130 556 luminis
1159 516 1310 556 formae
1332 524 1442 562 sunt,

187 600 264 640 per
286 586 413 629 Oculi
430 587 546 626 viam
562 585 791 634 subituras,
807 584 996 637 excepit,
1009 598 1059 625 ac
1075 585 1165 624 vita
1182 586 1259 623 sua
1276 584 1443 625 afflatas

186 656 230 695 in
272 655 498 695 Memoriae
538 653 761 694 conclavia
799 653 998 702 deduxit,
1035 652 1073 693 ἃ
1109 653 1284 693 cuilibet
1320 667 1442 693 suam

186 724 336 764 sedem
359 724 564 763 decenter
579 722 754 772 tribuit;
784 736 834 763 ac
856 722 985 762 simul
1006 722 1155 771 vetuit,
1173 735 1227 761 ne
1248 722 1443 774 ingratiis

188 798 265 833 aut
299 791 475 844 injussu,
509 792 551 830 in
583 790 827 843 Olympum
858 804 934 831 seu
967 790 1214 831 Sacrarium
1247 797 1442 831 nostrum

188 861 423 911 irruerent;
455 860 534 900 has
567 859 851 912 postmodum
885 859 1125 899 secundum
1159 859 1348 912 cujusvis
1382 861 1444 899 in-

196 929 332 969 iolem
356 928 394 968 &
418 935 619 968 naturam
642 934 844 968 evocatas
866 927 1082 980 disposuit
1103 933 1194 968 tam
1223 929 1443 977 concinne,

202 1003 236 1037 1t
264 997 440 1037 demum
469 1010 527 1036 ex
556 997 618 1045 iis,
645 1001 857 1048 tanquam
889 1009 946 1035 ex
976 996 1196 1044 membris,
1223 997 1443 1036 societatis

192 1071 264 1105 aut
288 1064 492 1117 Corporis
514 1065 715 1117 speciem,
737 1064 988 1104 conflaverit
1007 1078 1015 1114 ;
1047 1064 1149 1104 inde
1170 1078 1248 1104 nos
1280 1065 1443 1105 Intelli-

187 1133 347 1186 gentiae
388 1147 438 1173 ac
477 1133 727 1186 Sapientiae,
759 1134 809 1172 ea
845 1133 1102 1173 Venustatis
1131 1132 1280 1181 forma,
1311 1147 1442 1185 quam

188 1202 320 1251 vides,
344 1208 460 1242 natae
479 1217 487 1242 ε
516 1201 620 1254 quid
642 1201 789 1253 itaque
811 1215 868 1240 ex
892 1200 1070 1249 Natura,
1090 1200 1127 1240 &
1150 1201 1255 1253 quid
1277 1215 1333 1241 ex
1356 1203 1443 1242 vita

187 1270 409 1319 trahimus,
429 1270 471 1309 id
490 1269 624 1309 oculis
640 1269 725 1310 tuis
743 1269 878 1322 probe
900 1269 1126 1322 dignoscis.
1173 1269 1274 1321 Ipsa
1296 1277 1443 1310 nostra

188 1337 364 1385 Anima,
389 1338 431 1378 id
455 1338 633 1391 quidem
657 1338 796 1390 egisse
821 1337 912 1377 visa
935 1343 1010 1385 est,
1033 1350 1111 1376 nos
1139 1337 1238 1377 ideo
1267 1351 1375 1387 eam,
1398 1347 1443 1378 ut

188 1406 306 1459 piam
342 1406 620 1458 genetricem,
653 1406 930 1459 agnoscimus
968 1405 1006 1445 ἃ
1037 1419 1319 1455 veneramur3
1367 1408 1440 1446 sed

188 1475 282 1528 ipsa
305 1474 586 1514 nihilominus
605 1488 692 1514 non
709 1475 815 1515 vivit
831 1488 888 1514 ex
907 1488 974 1523 se;
1005 1480 1069 1513 est
1087 1474 1220 1514 modo
1236 1476 1444 1527 potentia,

188 1556 286 1595 quae
299 1543 405 1583 vivit
421 1542 458 1582 ἃ
477 1543 568 1595 agit
585 1556 642 1582 ex
657 1542 764 1583 alio:
786 1543 879 1595 ipsa
898 1543 1015 1590 Vita,
1030 1542 1141 1582 sicut
1157 1542 1250 1594 ejus
1268 1543 1444 1588 Anima,

191 1625 245 1651 ex
267 1612 463 1657 omnium
484 1611 738 1651 Viventium
761 1617 836 1651 aut
858 1611 1059 1651 Vitarum
1084 1611 1237 1659 Fonte,
1260 1611 1302 1651 in
1325 1612 1442 1651 illam

188 1679 352 1729 influit;
387 1680 424 1720 δι
451 1681 511 1720 sic
539 1693 615 1732 per
643 1679 775 1729 illam,
798 1680 840 1719 in
871 1680 976 1727 Nos,
1000 1679 1093 1731 ejus
1123 1680 1315 1733 prolem:
1347 1681 1444 1720 ideo

189 1748 397 1789 Caelestes
419 1762 569 1789 sumus
591 1749 768 1802 origine,
790 1762 840 1789 ac
861 1748 960 1788 ideo
984 1748 1222 1800 Sapientiae
1249 1749 1443 1788 dicimur.

190 1816 272 1857 Illa
299 1817 404 1857 Vita
431 1817 523 1866 fuit,
544 1831 642 1870 quae
669 1831 746 1857 usa
775 1819 923 1857 nostra
951 1816 1129 1866 Anima,
1149 1816 1383 1857 luminibus
1406 1818 1442 1857 ἃ

189 1885 363 1934 umbris,
385 1899 459 1926 seu
488 1885 638 1925 formis
664 1891 841 1934 naturae,
865 1883 1040 1924 obviam
1068 1885 1157 1934 ivit,
1180 1886 1444 1938 easdemque

189 1953 231 1993 in
256 1953 384 1994 Ideas
406 1967 647 2003 conversas,
666 1967 742 2007 per
764 1953 991 1993 Memoriae
1012 1952 1203 2003 cellulaS,
1221 1953 1262 1993 in
1285 1954 1444 1994 classes

189 2035 239 2061 ac
271 2022 420 2071 tribus,
454 2023 694 2062 secundum
726 2035 887 2075 genera
921 2020 960 2061 ἃ
995 2022 1172 2074 species,
1204 2022 1443 2075 disposuit:

190 2090 358 2131 Eadem
374 2092 479 2132 Vita
496 2091 588 2141 fuit,
607 2105 705 2144 quae
722 2091 1006 2144 postmodum
1028 2104 1101 2131 eas
1119 2092 1161 2131 in
1182 2091 1440 2131 Heliconem

188 2164 312 2198 tuum
337 2161 559 2210 evocavit;
591 2160 707 2200 unde
735 2159 935 2199 ducimus
965 2159 1143 2200 natales.
1205 2159 1327 2199 Talis
1351 2159 1442 2212 jam

189 2224 269 2266 fuit
293 2226 425 2276 Ordo,
444 2227 481 2268 ἃ
504 2228 603 2268 talis
621 2227 813 2267 influxus
829 2227 945 2268 Vitze
967 2227 1009 2266 in
1033 2234 1260 2276 naturam3
1294 2241 1444 2267 secun-

189 2293 293 2333 dum
330 2296 517 2338 eundem
552 2296 815 2344 exstitimus,
850 2297 959 2337 sicut
996 2296 1101 2345 dixi,
1135 2295 1172 2336 81
1202 2297 1441 2335 secundum

801 2372 834 2403 K
