<?xml version="1.0" encoding="UTF-8"?>
<!DOCTYPE html PUBLIC "-//W3C//DTD XHTML 1.0 Transitional//EN"
    "http://www.w3.org/TR/xhtml1/DTD/xhtml1-transitional.dtd">
<html xmlns="http://www.w3.org/1999/xhtml" xml:lang="en" lang="en">
 <head>
  <title>
</title>
<meta http-equiv="Content-Type" content="text/html;charset=utf-8" />
  <meta name='ocr-system' content='tesseract 3.04.00' />
  <meta name='ocr-capabilities' content='ocr_page ocr_carea ocr_par ocr_line ocrx_word'/>
</head>
<body>
  <div class='ocr_page' id='page_1' title='image "./parsprimadecultu00swed_0228.png"; bbox 0 0 1835 2672; ppageno 0'>
   <div class='ocr_carea' id='block_1_1' title="bbox 419 133 1273 178">
    <p class='ocr_par' dir='ltr' id='par_1_1' title="bbox 419 133 1273 178">
     <span class='ocr_line' id='line_1_1' title="bbox 419 133 1273 178; baseline 0 -10"><span class='ocrx_word' id='word_1_1' title='bbox 419 143 464 178; x_wconf 86' lang='lat'><strong>30</strong></span> <span class='ocrx_word' id='word_1_2' title='bbox 827 133 970 168; x_wconf 79' lang='lat' dir='ltr'><em>PARS</em></span> <span class='ocrx_word' id='word_1_3' title='bbox 1000 133 1273 178; x_wconf 75' lang='lat' dir='ltr'><em>SECUNDA,</em></span> 
     </span>
    </p>
   </div>
   <div class='ocr_carea' id='block_1_2' title="bbox 418 230 1686 2347">
    <p class='ocr_par' dir='ltr' id='par_1_2' title="bbox 418 230 1686 1999">
     <span class='ocr_line' id='line_1_2' title="bbox 420 230 1676 286; baseline 0.002 -15"><span class='ocrx_word' id='word_1_4' title='bbox 420 230 622 272; x_wconf 81' lang='lat' dir='ltr'><strong>fibrula&#39;m</strong></span> <span class='ocrx_word' id='word_1_5' title='bbox 673 232 896 285; x_wconf 85' lang='lat' dir='ltr'><strong>percurrit,</strong></span> <span class='ocrx_word' id='word_1_6' title='bbox 940 231 978 272; x_wconf 85' lang='lat'>&amp;</span> <span class='ocrx_word' id='word_1_7' title='bbox 1027 232 1070 272; x_wconf 91' lang='lat' dir='ltr'><strong>in</strong></span> <span class='ocrx_word' id='word_1_8' title='bbox 1115 233 1294 282; x_wconf 83' lang='lat' dir='ltr'><strong>caeteriS,</strong></span> <span class='ocrx_word' id='word_1_9' title='bbox 1342 246 1440 286; x_wconf 83' lang='lat' dir='ltr'><strong>quae</strong></span> <span class='ocrx_word' id='word_1_10' title='bbox 1487 232 1676 286; x_wconf 82' lang='lat' dir='ltr'>aliquem</span> 
     </span>
     <span class='ocr_line' id='line_1_3' title="bbox 419 299 1678 351; baseline 0 -11"><span class='ocrx_word' id='word_1_11' title='bbox 419 301 573 341; x_wconf 90' lang='lat' dir='ltr'><strong>ineunt</strong></span> <span class='ocrx_word' id='word_1_12' title='bbox 609 299 647 340; x_wconf 85' lang='lat'>&amp;</span> <span class='ocrx_word' id='word_1_13' title='bbox 685 300 950 341; x_wconf 77' lang='lat' dir='ltr'>concinnant</span> <span class='ocrx_word' id='word_1_14' title='bbox 984 306 1187 351; x_wconf 82' lang='lat' dir='ltr'><strong>textum3</strong></span> <span class='ocrx_word' id='word_1_15' title='bbox 1229 301 1330 341; x_wconf 90' lang='lat' dir='ltr'><strong>inde</strong></span> <span class='ocrx_word' id='word_1_16' title='bbox 1364 301 1496 342; x_wconf 87' lang='lat' dir='ltr'><strong>etiam</strong></span> <span class='ocrx_word' id='word_1_17' title='bbox 1533 307 1599 342; x_wconf 88' lang='lat' dir='ltr'><strong>est</strong></span> <span class='ocrx_word' id='word_1_18' title='bbox 1635 301 1678 341; x_wconf 89' lang='lat' dir='ltr'><strong>in</strong></span> 
     </span>
     <span class='ocr_line' id='line_1_4' title="bbox 419 368 1681 422; baseline 0.001 -13"><span class='ocrx_word' id='word_1_19' title='bbox 419 368 706 422; x_wconf 81' lang='lat' dir='ltr'><strong>singularium</strong></span> <span class='ocrx_word' id='word_1_20' title='bbox 737 368 956 417; x_wconf 88' lang='lat' dir='ltr'><strong>universis,</strong></span> <span class='ocrx_word' id='word_1_21' title='bbox 979 383 1081 409; x_wconf 87' lang='lat' dir='ltr'><strong>nam</strong></span> <span class='ocrx_word' id='word_1_22' title='bbox 1103 370 1299 410; x_wconf 77' lang='lat' dir='ltr'><strong>maxima</strong></span> <span class='ocrx_word' id='word_1_23' title='bbox 1321 384 1346 410; x_wconf 88' lang='lat' dir='ltr'><strong>a</strong></span> <span class='ocrx_word' id='word_1_24' title='bbox 1368 370 1456 410; x_wconf 90' lang='lat' dir='ltr'><strong>suis</strong></span> <span class='ocrx_word' id='word_1_25' title='bbox 1478 369 1681 419; x_wconf 86' lang='lat' dir='ltr'><strong>minimis,</strong></span> 
     </span>
     <span class='ocr_line' id='line_1_5' title="bbox 418 437 1679 491; baseline 0 -13"><span class='ocrx_word' id='word_1_26' title='bbox 418 438 531 478; x_wconf 88' lang='lat' dir='ltr'><strong>sicut</strong></span> <span class='ocrx_word' id='word_1_27' title='bbox 552 438 797 491; x_wconf 90' lang='lat' dir='ltr'><strong>composita</strong></span> <span class='ocrx_word' id='word_1_28' title='bbox 819 452 845 478; x_wconf 88' lang='lat' dir='ltr'><strong>a</strong></span> <span class='ocrx_word' id='word_1_29' title='bbox 865 437 953 478; x_wconf 90' lang='lat' dir='ltr'><strong>suis</strong></span> <span class='ocrx_word' id='word_1_30' title='bbox 975 438 1181 490; x_wconf 83' lang='lat' dir='ltr'><strong>partibus,</strong></span> <span class='ocrx_word' id='word_1_31' title='bbox 1199 438 1378 479; x_wconf 89' lang='lat' dir='ltr'><strong>trahunt</strong></span> <span class='ocrx_word' id='word_1_32' title='bbox 1399 452 1526 479; x_wconf 89' lang='lat' dir='ltr'><strong>suum</strong></span> <span class='ocrx_word' id='word_1_33' title='bbox 1550 438 1679 480; x_wconf 93' lang='lat' dir='ltr'><strong>Ordi-</strong></span> 
     </span>
     <span class='ocr_line' id='line_1_6' title="bbox 419 507 1676 560; baseline 0 -13"><span class='ocrx_word' id='word_1_34' title='bbox 419 521 532 557; x_wconf 91' lang='lat' dir='ltr'><strong>nem,</strong></span> <span class='ocrx_word' id='word_1_35' title='bbox 566 507 750 560; x_wconf 81' lang='lat' dir='ltr'>proinde</span> <span class='ocrx_word' id='word_1_36' title='bbox 783 520 936 547; x_wconf 89' lang='lat' dir='ltr'><strong>omnes</strong></span> <span class='ocrx_word' id='word_1_37' title='bbox 969 508 1034 547; x_wconf 90' lang='lat' dir='ltr'><strong>sui</strong></span> <span class='ocrx_word' id='word_1_38' title='bbox 1070 507 1257 557; x_wconf 83' lang='lat' dir='ltr'>Ordinis,</span> <span class='ocrx_word' id='word_1_39' title='bbox 1293 507 1331 548; x_wconf 65' lang='grc' dir='ltr'>ἃ</span> <span class='ocrx_word' id='word_1_40' title='bbox 1365 522 1454 549; x_wconf 82' lang='lat' dir='ltr'><strong>suae</strong></span> <span class='ocrx_word' id='word_1_41' title='bbox 1492 508 1676 556; x_wconf 74' lang='lat' dir='ltr'><strong>Formae,</strong></span> 
     </span>
     <span class='ocr_line' id='line_1_7' title="bbox 421 575 1678 629; baseline -0.001 -12"><span class='ocrx_word' id='word_1_42' title='bbox 421 577 591 629; x_wconf 81' lang='lat' dir='ltr'><strong>Leges:</strong></span> <span class='ocrx_word' id='word_1_43' title='bbox 623 589 722 616; x_wconf 90' lang='lat' dir='ltr'><strong>cum</strong></span> <span class='ocrx_word' id='word_1_44' title='bbox 741 575 834 629; x_wconf 87' lang='lat' dir='ltr'><strong>jam</strong></span> <span class='ocrx_word' id='word_1_45' title='bbox 857 576 1060 616; x_wconf 88' lang='lat' dir='ltr'><strong>omnibus</strong></span> <span class='ocrx_word' id='word_1_46' title='bbox 1083 576 1132 616; x_wconf 91' lang='lat' dir='ltr'><strong>iis</strong></span> <span class='ocrx_word' id='word_1_47' title='bbox 1154 577 1279 625; x_wconf 91' lang='lat' dir='ltr'><strong>inest,</strong></span> <span class='ocrx_word' id='word_1_48' title='bbox 1302 590 1400 629; x_wconf 78' lang='lat' dir='ltr'><strong>quae</strong></span> <span class='ocrx_word' id='word_1_49' title='bbox 1421 576 1678 617; x_wconf 69' lang='lat' dir='ltr'><strong>substantiae</strong></span> 
     </span>
     <span class='ocr_line' id='line_1_8' title="bbox 418 644 1679 698; baseline -0.002 -12"><span class='ocrx_word' id='word_1_50' title='bbox 418 645 559 686; x_wconf 83' lang='lat' dir='ltr'><strong>vicem</strong></span> <span class='ocrx_word' id='word_1_51' title='bbox 581 645 757 693; x_wconf 89' lang='lat' dir='ltr'><strong>obeunt,</strong></span> <span class='ocrx_word' id='word_1_52' title='bbox 780 645 913 685; x_wconf 88' lang='lat' dir='ltr'><strong>etiam</strong></span> <span class='ocrx_word' id='word_1_53' title='bbox 937 645 1048 685; x_wconf 91' lang='lat' dir='ltr'><strong>inest</strong></span> <span class='ocrx_word' id='word_1_54' title='bbox 1071 644 1132 694; x_wconf 93' lang='lat' dir='ltr'><strong>iis,</strong></span> <span class='ocrx_word' id='word_1_55' title='bbox 1154 659 1253 698; x_wconf 84' lang='lat' dir='ltr'><strong>quae</strong></span> <span class='ocrx_word' id='word_1_56' title='bbox 1275 645 1376 686; x_wconf 91' lang='lat' dir='ltr'><strong>inde</strong></span> <span class='ocrx_word' id='word_1_57' title='bbox 1402 646 1512 685; x_wconf 84' lang='lat' dir='ltr'><strong>sicut</strong></span> <span class='ocrx_word' id='word_1_58' title='bbox 1543 650 1679 693; x_wconf 91' lang='lat' dir='ltr'><strong>actus,</strong></span> 
     </span>
     <span class='ocr_line' id='line_1_9' title="bbox 418 712 1680 766; baseline -0.001 -12"><span class='ocrx_word' id='word_1_59' title='bbox 418 714 631 754; x_wconf 83' lang='lat' dir='ltr'><strong>resultant</strong></span> <span class='ocrx_word' id='word_1_60' title='bbox 651 727 660 764; x_wconf 90' lang='lat'>;</span> <span class='ocrx_word' id='word_1_61' title='bbox 692 720 960 766; x_wconf 86' lang='lat' dir='ltr'><strong>quapropter</strong></span> <span class='ocrx_word' id='word_1_62' title='bbox 981 714 1015 752; x_wconf 91' lang='lat' dir='ltr'><strong>is</strong></span> <span class='ocrx_word' id='word_1_63' title='bbox 1040 712 1162 754; x_wconf 92' lang='lat' dir='ltr'><strong>Ordo</strong></span> <span class='ocrx_word' id='word_1_64' title='bbox 1184 714 1228 753; x_wconf 93' lang='lat' dir='ltr'><strong>in</strong></span> <span class='ocrx_word' id='word_1_65' title='bbox 1250 714 1441 754; x_wconf 87' lang='lat' dir='ltr'><strong>minimis</strong></span> <span class='ocrx_word' id='word_1_66' title='bbox 1465 714 1552 754; x_wconf 89' lang='lat' dir='ltr'><strong>tuis</strong></span> <span class='ocrx_word' id='word_1_67' title='bbox 1574 713 1680 754; x_wconf 89' lang='lat' dir='ltr'><strong>acti-</strong></span> 
     </span>
     <span class='ocr_line' id='line_1_10' title="bbox 419 782 1680 835; baseline 0 -12"><span class='ocrx_word' id='word_1_68' title='bbox 419 783 599 832; x_wconf 88' lang='lat' dir='ltr'><strong>unculis,</strong></span> <span class='ocrx_word' id='word_1_69' title='bbox 621 783 733 822; x_wconf 89' lang='lat' dir='ltr'><strong>sicut</strong></span> <span class='ocrx_word' id='word_1_70' title='bbox 762 782 805 821; x_wconf 90' lang='lat' dir='ltr'><strong>in</strong></span> <span class='ocrx_word' id='word_1_71' title='bbox 838 782 1057 831; x_wconf 85' lang='lat' dir='ltr'><strong>maximis,</strong></span> <span class='ocrx_word' id='word_1_72' title='bbox 1079 782 1215 822; x_wconf 86' lang='lat' dir='ltr'><strong>vitam</strong></span> <span class='ocrx_word' id='word_1_73' title='bbox 1248 796 1372 822; x_wconf 88' lang='lat' dir='ltr'><strong>suam</strong></span> <span class='ocrx_word' id='word_1_74' title='bbox 1400 783 1504 835; x_wconf 84' lang='lat' dir='ltr'><strong>agit,</strong></span> <span class='ocrx_word' id='word_1_75' title='bbox 1526 782 1563 823; x_wconf 87' lang='lat'>&amp;</span> <span class='ocrx_word' id='word_1_76' title='bbox 1585 795 1680 835; x_wconf 83' lang='lat' dir='ltr'><strong>reg-</strong></span> 
     </span>
     <span class='ocr_line' id='line_1_11' title="bbox 420 850 1680 904; baseline -0.001 -12"><span class='ocrx_word' id='word_1_77' title='bbox 420 858 496 892; x_wconf 86' lang='lat' dir='ltr'><strong>nat</strong></span> <span class='ocrx_word' id='word_1_78' title='bbox 517 866 526 902; x_wconf 86' lang='lat'>;</span> <span class='ocrx_word' id='word_1_79' title='bbox 558 864 659 891; x_wconf 87' lang='lat' dir='ltr'><strong>nam</strong></span> <span class='ocrx_word' id='word_1_80' title='bbox 683 850 871 903; x_wconf 81' lang='lat' dir='ltr'><strong>effigiem</strong></span> <span class='ocrx_word' id='word_1_81' title='bbox 893 851 957 890; x_wconf 90' lang='lat' dir='ltr'><strong>sui</strong></span> <span class='ocrx_word' id='word_1_82' title='bbox 987 864 1064 903; x_wconf 94' lang='lat' dir='ltr'><strong>per</strong></span> <span class='ocrx_word' id='word_1_83' title='bbox 1091 850 1278 891; x_wconf 92' lang='lat' dir='ltr'><strong>totidem</strong></span> <span class='ocrx_word' id='word_1_84' title='bbox 1301 852 1425 904; x_wconf 81' lang='lat' dir='ltr'>quasi</span> <span class='ocrx_word' id='word_1_85' title='bbox 1445 851 1632 904; x_wconf 86' lang='lat' dir='ltr'><strong>specula,</strong></span> <span class='ocrx_word' id='word_1_86' title='bbox 1654 865 1680 891; x_wconf 83' lang='lat' dir='ltr'><strong>a</strong></span> 
     </span>
     <span class='ocr_line' id='line_1_12' title="bbox 420 919 1679 973; baseline 0 -13"><span class='ocrx_word' id='word_1_87' title='bbox 420 921 611 961; x_wconf 88' lang='lat' dir='ltr'><strong>minimis</strong></span> <span class='ocrx_word' id='word_1_88' title='bbox 651 920 707 960; x_wconf 91' lang='lat' dir='ltr'><strong>ad</strong></span> <span class='ocrx_word' id='word_1_89' title='bbox 749 919 958 969; x_wconf 81' lang='lat' dir='ltr'><strong>maxima,</strong></span> <span class='ocrx_word' id='word_1_90' title='bbox 993 920 1250 970; x_wconf 87' lang='lat' dir='ltr'><strong>continuat;</strong></span> <span class='ocrx_word' id='word_1_91' title='bbox 1290 920 1402 969; x_wconf 88' lang='lat' dir='ltr'><strong>ideo,</strong></span> <span class='ocrx_word' id='word_1_92' title='bbox 1437 920 1578 973; x_wconf 82' lang='lat' dir='ltr'><strong>qualis</strong></span> <span class='ocrx_word' id='word_1_93' title='bbox 1615 926 1679 960; x_wconf 92' lang='lat' dir='ltr'><strong>est</strong></span> 
     </span>
     <span class='ocr_line' id='line_1_13' title="bbox 421 988 1682 1041; baseline -0.001 -12"><span class='ocrx_word' id='word_1_94' title='bbox 421 989 555 1039; x_wconf 90' lang='lat' dir='ltr'><strong>Ordo,</strong></span> <span class='ocrx_word' id='word_1_95' title='bbox 578 988 667 1029; x_wconf 84' lang='lat' dir='ltr'><strong>tale</strong></span> <span class='ocrx_word' id='word_1_96' title='bbox 701 994 766 1029; x_wconf 90' lang='lat' dir='ltr'><strong>est</strong></span> <span class='ocrx_word' id='word_1_97' title='bbox 796 1002 927 1028; x_wconf 90' lang='lat' dir='ltr'><strong>omne</strong></span> <span class='ocrx_word' id='word_1_98' title='bbox 960 988 1014 1039; x_wconf 92' lang='lat' dir='ltr'><strong>id,</strong></span> <span class='ocrx_word' id='word_1_99' title='bbox 1040 989 1158 1041; x_wconf 92' lang='lat' dir='ltr'><strong>quod</strong></span> <span class='ocrx_word' id='word_1_100' title='bbox 1193 994 1292 1029; x_wconf 87' lang='lat' dir='ltr'><strong>actu</strong></span> <span class='ocrx_word' id='word_1_101' title='bbox 1323 989 1491 1038; x_wconf 88' lang='lat' dir='ltr'><strong>vivitur,</strong></span> <span class='ocrx_word' id='word_1_102' title='bbox 1521 989 1560 1029; x_wconf 87' lang='lat'>&amp;</span> <span class='ocrx_word' id='word_1_103' title='bbox 1591 989 1682 1029; x_wconf 72' lang='lat' dir='ltr'><strong>vita</strong></span> 
     </span>
     <span class='ocr_line' id='line_1_14' title="bbox 421 1057 1683 1111; baseline -0.002 -12"><span class='ocrx_word' id='word_1_104' title='bbox 421 1059 576 1111; x_wconf 81' lang='lat' dir='ltr'><strong>agitur.</strong></span> <span class='ocrx_word' id='word_1_105' title='bbox 639 1057 729 1098; x_wconf 86' lang='lat' dir='ltr'><strong>Sed</strong></span> <span class='ocrx_word' id='word_1_106' title='bbox 748 1057 841 1110; x_wconf 90' lang='lat' dir='ltr'><strong>jam</strong></span> <span class='ocrx_word' id='word_1_107' title='bbox 865 1058 1015 1111; x_wconf 81' lang='lat' dir='ltr'>paucis</span> <span class='ocrx_word' id='word_1_108' title='bbox 1038 1058 1275 1111; x_wconf 79' lang='lat' dir='ltr'><strong>expediam</strong></span> <span class='ocrx_word' id='word_1_109' title='bbox 1295 1072 1304 1109; x_wconf 89' lang='lat'><strong>;</strong></span> <span class='ocrx_word' id='word_1_110' title='bbox 1337 1057 1459 1099; x_wconf 92' lang='lat' dir='ltr'><strong>Ordo</strong></span> <span class='ocrx_word' id='word_1_111' title='bbox 1481 1058 1562 1098; x_wconf 89' lang='lat' dir='ltr'><strong>iste</strong></span> <span class='ocrx_word' id='word_1_112' title='bbox 1582 1057 1683 1098; x_wconf 84' lang='lat' dir='ltr'><strong>talis</strong></span> 
     </span>
     <span class='ocr_line' id='line_1_15' title="bbox 421 1126 1683 1179; baseline -0.001 -11"><span class='ocrx_word' id='word_1_113' title='bbox 421 1134 498 1177; x_wconf 88' lang='lat' dir='ltr'><strong>est,</strong></span> <span class='ocrx_word' id='word_1_114' title='bbox 528 1133 576 1168; x_wconf 91' lang='lat' dir='ltr'><strong>ut</strong></span> <span class='ocrx_word' id='word_1_115' title='bbox 603 1127 709 1167; x_wconf 87' lang='lat' dir='ltr'><strong>Vita</strong></span> <span class='ocrx_word' id='word_1_116' title='bbox 743 1126 1075 1179; x_wconf 78' lang='lat' dir='ltr'><strong>Supracaelestis</strong></span> <span class='ocrx_word' id='word_1_117' title='bbox 1108 1127 1263 1167; x_wconf 86' lang='lat' dir='ltr'><strong>influat</strong></span> <span class='ocrx_word' id='word_1_118' title='bbox 1295 1127 1337 1166; x_wconf 93' lang='lat' dir='ltr'><strong>in</strong></span> <span class='ocrx_word' id='word_1_119' title='bbox 1372 1126 1617 1176; x_wconf 82' lang='lat' dir='ltr'><strong>Caelestem,</strong></span> <span class='ocrx_word' id='word_1_120' title='bbox 1644 1126 1683 1167; x_wconf 87' lang='lat'>&amp;</span> 
     </span>
     <span class='ocr_line' id='line_1_16' title="bbox 419 1195 1683 1249; baseline -0.001 -13"><span class='ocrx_word' id='word_1_121' title='bbox 419 1196 526 1245; x_wconf 79' lang='lat' dir='ltr'><strong>haec,</strong></span> <span class='ocrx_word' id='word_1_122' title='bbox 547 1210 625 1249; x_wconf 88' lang='lat' dir='ltr'><strong>per</strong></span> <span class='ocrx_word' id='word_1_123' title='bbox 645 1195 796 1236; x_wconf 90' lang='lat' dir='ltr'><strong>Vitam</strong></span> <span class='ocrx_word' id='word_1_124' title='bbox 823 1195 1136 1245; x_wconf 76' lang='lat' dir='ltr'><strong>mediatricem,</strong></span> <span class='ocrx_word' id='word_1_125' title='bbox 1165 1196 1208 1235; x_wconf 92' lang='lat' dir='ltr'><strong>in</strong></span> <span class='ocrx_word' id='word_1_126' title='bbox 1240 1196 1424 1236; x_wconf 82' lang='lat' dir='ltr'><strong>Naturae</strong></span> <span class='ocrx_word' id='word_1_127' title='bbox 1453 1195 1683 1248; x_wconf 80' lang='lat' dir='ltr'><strong>sphaeram,</strong></span> 
     </span>
     <span class='ocr_line' id='line_1_17' title="bbox 421 1264 1683 1318; baseline -0.001 -13"><span class='ocrx_word' id='word_1_128' title='bbox 421 1279 560 1318; x_wconf 89' lang='lat' dir='ltr'>usque</span> <span class='ocrx_word' id='word_1_129' title='bbox 582 1265 639 1305; x_wconf 86' lang='lat' dir='ltr'><strong>ad</strong></span> <span class='ocrx_word' id='word_1_130' title='bbox 661 1264 753 1318; x_wconf 90' lang='lat' dir='ltr'>ejus</span> <span class='ocrx_word' id='word_1_131' title='bbox 775 1264 999 1314; x_wconf 90' lang='lat' dir='ltr'><strong>terminos,</strong></span> <span class='ocrx_word' id='word_1_132' title='bbox 1022 1278 1047 1304; x_wconf 90' lang='lat' dir='ltr'><strong>a</strong></span> <span class='ocrx_word' id='word_1_133' title='bbox 1078 1278 1263 1317; x_wconf 88' lang='lat' dir='ltr'><strong>quorum</strong></span> <span class='ocrx_word' id='word_1_134' title='bbox 1286 1264 1440 1305; x_wconf 91' lang='lat' dir='ltr'><strong>ultimo</strong></span> <span class='ocrx_word' id='word_1_135' title='bbox 1460 1278 1506 1305; x_wconf 89' lang='lat' dir='ltr'><strong>se</strong></span> <span class='ocrx_word' id='word_1_136' title='bbox 1526 1264 1683 1305; x_wconf 91' lang='lat' dir='ltr'><strong>iterum</strong></span> 
     </span>
     <span class='ocr_line' id='line_1_18' title="bbox 423 1333 1684 1386; baseline -0.002 -11"><span class='ocrx_word' id='word_1_137' title='bbox 423 1335 478 1375; x_wconf 87' lang='lat' dir='ltr'><strong>ad</strong></span> <span class='ocrx_word' id='word_1_138' title='bbox 505 1347 632 1374; x_wconf 91' lang='lat' dir='ltr'><strong>suum</strong></span> <span class='ocrx_word' id='word_1_139' title='bbox 665 1333 870 1382; x_wconf 88' lang='lat' dir='ltr'><strong>Primum,</strong></span> <span class='ocrx_word' id='word_1_140' title='bbox 892 1347 970 1386; x_wconf 87' lang='lat' dir='ltr'><strong>per</strong></span> <span class='ocrx_word' id='word_1_141' title='bbox 1001 1333 1258 1382; x_wconf 85' lang='lat' dir='ltr'><strong>exuitiones,</strong></span> <span class='ocrx_word' id='word_1_142' title='bbox 1281 1333 1393 1373; x_wconf 89' lang='lat' dir='ltr'><strong>sicut</strong></span> <span class='ocrx_word' id='word_1_143' title='bbox 1423 1334 1467 1373; x_wconf 89' lang='lat' dir='ltr'><strong>in</strong></span> <span class='ocrx_word' id='word_1_144' title='bbox 1498 1346 1577 1373; x_wconf 91' lang='lat' dir='ltr'><strong>suo</strong></span> <span class='ocrx_word' id='word_1_145' title='bbox 1608 1333 1684 1373; x_wconf 91' lang='lat' dir='ltr'><strong>de-</strong></span> 
     </span>
     <span class='ocr_line' id='line_1_19' title="bbox 423 1401 1686 1456; baseline -0.001 -13"><span class='ocrx_word' id='word_1_146' title='bbox 423 1404 548 1456; x_wconf 92' lang='lat' dir='ltr'><strong>lapsu</strong></span> <span class='ocrx_word' id='word_1_147' title='bbox 570 1416 647 1456; x_wconf 83' lang='lat' dir='ltr'><strong>per</strong></span> <span class='ocrx_word' id='word_1_148' title='bbox 668 1402 944 1452; x_wconf 81' lang='lat' dir='ltr'><strong>induitiones‚</strong></span> <span class='ocrx_word' id='word_1_149' title='bbox 968 1401 1172 1443; x_wconf 86' lang='lat' dir='ltr'><strong>revolvat.</strong></span> <span class='ocrx_word' id='word_1_150' title='bbox 1228 1401 1333 1442; x_wconf 89' lang='lat' dir='ltr'><strong>Vita</strong></span> <span class='ocrx_word' id='word_1_151' title='bbox 1357 1401 1686 1455; x_wconf 84' lang='lat' dir='ltr'><strong>Supracaelestis</strong></span> 
     </span>
     <span class='ocr_line' id='line_1_20' title="bbox 423 1470 1685 1524; baseline -0.002 -12"><span class='ocrx_word' id='word_1_152' title='bbox 423 1478 490 1512; x_wconf 86' lang='lat' dir='ltr'><strong>est</strong></span> <span class='ocrx_word' id='word_1_153' title='bbox 523 1471 666 1524; x_wconf 88' lang='lat' dir='ltr'>Ipsius</span> <span class='ocrx_word' id='word_1_154' title='bbox 690 1470 893 1523; x_wconf 82' lang='lat' dir='ltr'><strong>Supremi</strong></span> <span class='ocrx_word' id='word_1_155' title='bbox 914 1485 922 1521; x_wconf 87' lang='lat'>;</span> <span class='ocrx_word' id='word_1_156' title='bbox 952 1470 1059 1511; x_wconf 87' lang='lat' dir='ltr'><strong>Vita</strong></span> <span class='ocrx_word' id='word_1_157' title='bbox 1081 1470 1277 1511; x_wconf 80' lang='lat' dir='ltr'><strong>Caelestis</strong></span> <span class='ocrx_word' id='word_1_158' title='bbox 1299 1477 1365 1511; x_wconf 85' lang='lat' dir='ltr'><strong>est</strong></span> <span class='ocrx_word' id='word_1_159' title='bbox 1386 1470 1495 1523; x_wconf 84' lang='lat' dir='ltr'>Ejus</span> <span class='ocrx_word' id='word_1_160' title='bbox 1519 1470 1685 1523; x_wconf 87' lang='lat' dir='ltr'><strong>Unige-</strong></span> 
     </span>
     <span class='ocr_line' id='line_1_21' title="bbox 423 1539 1683 1593; baseline 0 -13"><span class='ocrx_word' id='word_1_161' title='bbox 423 1540 503 1580; x_wconf 88' lang='lat' dir='ltr'><strong>niti</strong></span> <span class='ocrx_word' id='word_1_162' title='bbox 544 1553 619 1579; x_wconf 88' lang='lat' dir='ltr'><strong>seu</strong></span> <span class='ocrx_word' id='word_1_163' title='bbox 656 1539 836 1579; x_wconf 89' lang='lat' dir='ltr'><strong>Amoris</strong></span> <span class='ocrx_word' id='word_1_164' title='bbox 861 1553 870 1589; x_wconf 87' lang='lat'>;</span> <span class='ocrx_word' id='word_1_165' title='bbox 916 1539 1022 1579; x_wconf 84' lang='lat' dir='ltr'><strong>Vita</strong></span> <span class='ocrx_word' id='word_1_166' title='bbox 1062 1539 1299 1579; x_wconf 78' lang='lat' dir='ltr'><strong>mediatrix</strong></span> <span class='ocrx_word' id='word_1_167' title='bbox 1341 1545 1407 1579; x_wconf 91' lang='lat' dir='ltr'><strong>est</strong></span> <span class='ocrx_word' id='word_1_168' title='bbox 1447 1539 1572 1589; x_wconf 82' lang='lat' dir='ltr'><strong>illius,</strong></span> <span class='ocrx_word' id='word_1_169' title='bbox 1609 1540 1683 1593; x_wconf 91' lang='lat' dir='ltr'><strong>qui</strong></span> 
     </span>
     <span class='ocr_line' id='line_1_22' title="bbox 422 1606 1684 1661; baseline 0 -12"><span class='ocrx_word' id='word_1_170' title='bbox 422 1608 582 1661; x_wconf 87' lang='lat' dir='ltr'><strong>copula</strong></span> <span class='ocrx_word' id='word_1_171' title='bbox 606 1608 708 1647; x_wconf 81' lang='lat' dir='ltr'><strong>vitae</strong></span> <span class='ocrx_word' id='word_1_172' title='bbox 736 1606 774 1647; x_wconf 67' lang='grc' dir='ltr'>ἃ</span> <span class='ocrx_word' id='word_1_173' title='bbox 799 1613 968 1647; x_wconf 84' lang='lat' dir='ltr'><strong>naturae</strong></span> <span class='ocrx_word' id='word_1_174' title='bbox 993 1606 1133 1647; x_wconf 86' lang='lat' dir='ltr'>factus</span> <span class='ocrx_word' id='word_1_175' title='bbox 1165 1613 1319 1660; x_wconf 87' lang='lat' dir='ltr'><strong>postea</strong></span> <span class='ocrx_word' id='word_1_176' title='bbox 1351 1607 1533 1648; x_wconf 84' lang='lat' dir='ltr'><strong>descivit</strong></span> <span class='ocrx_word' id='word_1_177' title='bbox 1549 1622 1558 1658; x_wconf 89' lang='lat'>;</span> <span class='ocrx_word' id='word_1_178' title='bbox 1593 1609 1684 1649; x_wconf 88' lang='lat' dir='ltr'><strong>Na-</strong></span> 
     </span>
     <span class='ocr_line' id='line_1_23' title="bbox 422 1674 1682 1728; baseline 0 -11"><span class='ocrx_word' id='word_1_179' title='bbox 422 1683 520 1717; x_wconf 83' lang='lat' dir='ltr'><strong>tura</strong></span> <span class='ocrx_word' id='word_1_180' title='bbox 540 1689 643 1716; x_wconf 88' lang='lat' dir='ltr'><strong>vero</strong></span> <span class='ocrx_word' id='word_1_181' title='bbox 666 1681 741 1724; x_wconf 92' lang='lat' dir='ltr'><strong>est,</strong></span> <span class='ocrx_word' id='word_1_182' title='bbox 765 1689 863 1728; x_wconf 83' lang='lat' dir='ltr'><strong>quae</strong></span> <span class='ocrx_word' id='word_1_183' title='bbox 885 1674 1045 1715; x_wconf 89' lang='lat' dir='ltr'><strong>nullius</strong></span> <span class='ocrx_word' id='word_1_184' title='bbox 1065 1675 1167 1715; x_wconf 77' lang='lat' dir='ltr'><strong>vitae</strong></span> <span class='ocrx_word' id='word_1_185' title='bbox 1189 1681 1282 1726; x_wconf 87' lang='lat' dir='ltr'>est;</span> <span class='ocrx_word' id='word_1_186' title='bbox 1316 1675 1368 1715; x_wconf 87' lang='lat' dir='ltr'><strong>In</strong></span> <span class='ocrx_word' id='word_1_187' title='bbox 1390 1675 1473 1715; x_wconf 93' lang='lat' dir='ltr'><strong>hoc</strong></span> <span class='ocrx_word' id='word_1_188' title='bbox 1494 1676 1622 1716; x_wconf 91' lang='lat' dir='ltr'><strong>unico</strong></span> <span class='ocrx_word' id='word_1_189' title='bbox 1645 1676 1682 1717; x_wconf 84' lang='lat'>&amp;</span> 
     </span>
     <span class='ocr_line' id='line_1_24' title="bbox 424 1743 1684 1798; baseline 0 -13"><span class='ocrx_word' id='word_1_190' title='bbox 424 1744 610 1798; x_wconf 90' lang='lat' dir='ltr'><strong>simplici</strong></span> <span class='ocrx_word' id='word_1_191' title='bbox 635 1743 835 1797; x_wconf 83' lang='lat' dir='ltr'><strong>Speculo,</strong></span> <span class='ocrx_word' id='word_1_192' title='bbox 857 1743 1033 1784; x_wconf 89' lang='lat' dir='ltr'><strong>unicum</strong></span> <span class='ocrx_word' id='word_1_193' title='bbox 1063 1743 1185 1783; x_wconf 92' lang='lat' dir='ltr'><strong>illum</strong></span> <span class='ocrx_word' id='word_1_194' title='bbox 1218 1743 1256 1783; x_wconf 69' lang='lat'><strong>81</strong></span> <span class='ocrx_word' id='word_1_195' title='bbox 1289 1743 1532 1797; x_wconf 90' lang='lat' dir='ltr'><strong>simplicem</strong></span> <span class='ocrx_word' id='word_1_196' title='bbox 1562 1749 1684 1785; x_wconf 84' lang='lat' dir='ltr'><strong>tuere</strong></span> 
     </span>
     <span class='ocr_line' id='line_1_25' title="bbox 426 1812 1683 1865; baseline 0 -12"><span class='ocrx_word' id='word_1_197' title='bbox 426 1812 653 1862; x_wconf 88' lang='lat' dir='ltr'><strong>Ordinem,</strong></span> <span class='ocrx_word' id='word_1_198' title='bbox 692 1813 730 1853; x_wconf 67' lang='grc' dir='ltr'>ἃ</span> <span class='ocrx_word' id='word_1_199' title='bbox 771 1812 828 1853; x_wconf 90' lang='lat' dir='ltr'><strong>ad</strong></span> <span class='ocrx_word' id='word_1_200' title='bbox 868 1812 1005 1861; x_wconf 90' lang='lat' dir='ltr'><strong>illum,</strong></span> <span class='ocrx_word' id='word_1_201' title='bbox 1040 1812 1151 1852; x_wconf 89' lang='lat' dir='ltr'><strong>sicut</strong></span> <span class='ocrx_word' id='word_1_202' title='bbox 1191 1812 1246 1852; x_wconf 92' lang='lat' dir='ltr'><strong>ad</strong></span> <span class='ocrx_word' id='word_1_203' title='bbox 1288 1812 1527 1865; x_wconf 83' lang='lat' dir='ltr'><strong>exemplar,</strong></span> <span class='ocrx_word' id='word_1_204' title='bbox 1562 1813 1683 1862; x_wconf 90' lang='lat' dir='ltr'><strong>refer,</strong></span> 
     </span>
     <span class='ocr_line' id='line_1_26' title="bbox 426 1879 1684 1935; baseline 0 -13"><span class='ocrx_word' id='word_1_205' title='bbox 426 1888 709 1935; x_wconf 87' lang='lat' dir='ltr'><strong>quotcunque</strong></span> <span class='ocrx_word' id='word_1_206' title='bbox 746 1880 1097 1930; x_wconf 87' lang='lat' dir='ltr'><strong>circumfluitant,</strong></span> <span class='ocrx_word' id='word_1_207' title='bbox 1135 1879 1173 1921; x_wconf 84' lang='lat'>&amp;</span> <span class='ocrx_word' id='word_1_208' title='bbox 1211 1880 1465 1921; x_wconf 86' lang='lat' dir='ltr'><strong>Mortalium</strong></span> <span class='ocrx_word' id='word_1_209' title='bbox 1506 1887 1684 1934; x_wconf 87' lang='lat' dir='ltr'><strong>pectora</strong></span> 
     </span>
     <span class='ocr_line' id='line_1_27' title="bbox 425 1949 832 1999; baseline -0.002 -8"><span class='ocrx_word' id='word_1_210' title='bbox 425 1956 610 1999; x_wconf 85' lang='lat' dir='ltr'><strong>versant,</strong></span> <span class='ocrx_word' id='word_1_211' title='bbox 634 1949 832 1991; x_wconf 87' lang='lat' dir='ltr'><strong>Ordines.</strong></span> 
     </span>
    </p>

    <p class='ocr_par' dir='ltr' id='par_1_3' title="bbox 425 2017 1686 2347">
     <span class='ocr_line' id='line_1_28' title="bbox 490 2017 1686 2072; baseline 0 -13"><span class='ocrx_word' id='word_1_212' title='bbox 490 2029 579 2069; x_wconf 85' lang='lat'>103.</span> <span class='ocrx_word' id='word_1_213' title='bbox 615 2018 678 2059; x_wconf 92' lang='lat' dir='ltr'><strong>Ut</strong></span> <span class='ocrx_word' id='word_1_214' title='bbox 702 2017 913 2059; x_wconf 88' lang='lat' dir='ltr'><strong>Ordinem</strong></span> <span class='ocrx_word' id='word_1_215' title='bbox 936 2018 1067 2058; x_wconf 88' lang='lat' dir='ltr'><strong>istum</strong></span> <span class='ocrx_word' id='word_1_216' title='bbox 1091 2018 1133 2058; x_wconf 91' lang='lat' dir='ltr'><strong>in</strong></span> <span class='ocrx_word' id='word_1_217' title='bbox 1156 2018 1231 2067; x_wconf 87' lang='lat' dir='ltr'><strong>Te,</strong></span> <span class='ocrx_word' id='word_1_218' title='bbox 1255 2032 1353 2058; x_wconf 87' lang='lat' dir='ltr'><strong>mea</strong></span> <span class='ocrx_word' id='word_1_219' title='bbox 1383 2018 1516 2059; x_wconf 88' lang='lat' dir='ltr'><strong>Filia!</strong></span> <span class='ocrx_word' id='word_1_220' title='bbox 1549 2020 1686 2072; x_wconf 90' lang='lat' dir='ltr'><strong>perci-</strong></span> 
     </span>
     <span class='ocr_line' id='line_1_29' title="bbox 425 2086 1686 2140; baseline 0 -12"><span class='ocrx_word' id='word_1_221' title='bbox 425 2087 532 2140; x_wconf 83' lang='lat' dir='ltr'><strong>pias,</strong></span> <span class='ocrx_word' id='word_1_222' title='bbox 556 2088 747 2135; x_wconf 88' lang='lat' dir='ltr'><strong>intercst,</strong></span> <span class='ocrx_word' id='word_1_223' title='bbox 771 2092 819 2126; x_wconf 90' lang='lat' dir='ltr'><strong>ut</strong></span> <span class='ocrx_word' id='word_1_224' title='bbox 841 2086 1048 2136; x_wconf 87' lang='lat' dir='ltr'><strong>docearis,</strong></span> <span class='ocrx_word' id='word_1_225' title='bbox 1066 2087 1169 2139; x_wconf 91' lang='lat' dir='ltr'><strong>quid</strong></span> <span class='ocrx_word' id='word_1_226' title='bbox 1194 2087 1446 2140; x_wconf 83' lang='lat' dir='ltr'>unaquaevis</span> <span class='ocrx_word' id='word_1_227' title='bbox 1471 2087 1686 2139; x_wconf 89' lang='lat' dir='ltr'><strong>Potentia,</strong></span> 
     </span>
     <span class='ocr_line' id='line_1_30' title="bbox 427 2155 1684 2210; baseline 0.001 -14"><span class='ocrx_word' id='word_1_228' title='bbox 427 2157 470 2196; x_wconf 92' lang='lat' dir='ltr'><strong>in</strong></span> <span class='ocrx_word' id='word_1_229' title='bbox 493 2162 580 2197; x_wconf 78' lang='lat' dir='ltr'><strong>tuae</strong></span> <span class='ocrx_word' id='word_1_230' title='bbox 601 2156 703 2196; x_wconf 79' lang='lat' dir='ltr'><strong>vitae</strong></span> <span class='ocrx_word' id='word_1_231' title='bbox 726 2155 952 2204; x_wconf 90' lang='lat' dir='ltr'><strong>mundulo‚</strong></span> <span class='ocrx_word' id='word_1_232' title='bbox 974 2155 1222 2195; x_wconf 84' lang='lat' dir='ltr'><strong>faciendum</strong></span> <span class='ocrx_word' id='word_1_233' title='bbox 1245 2155 1363 2196; x_wconf 90' lang='lat' dir='ltr'><strong>obit:</strong></span> <span class='ocrx_word' id='word_1_234' title='bbox 1392 2155 1568 2206; x_wconf 86' lang='lat' dir='ltr'><strong>Anima,</strong></span> <span class='ocrx_word' id='word_1_235' title='bbox 1585 2170 1684 2210; x_wconf 83' lang='lat' dir='ltr'><strong>quae</strong></span> 
     </span>
     <span class='ocr_line' id='line_1_31' title="bbox 428 2224 1685 2278; baseline 0 -12"><span class='ocrx_word' id='word_1_236' title='bbox 428 2224 795 2278; x_wconf 80' lang='lat' dir='ltr'><strong>Supracaelestem</strong></span> <span class='ocrx_word' id='word_1_237' title='bbox 822 2224 942 2278; x_wconf 79' lang='lat' dir='ltr'><strong>degit</strong></span> <span class='ocrx_word' id='word_1_238' title='bbox 963 2225 1125 2273; x_wconf 81' lang='lat' dir='ltr'><strong>Vitam,</strong></span> <span class='ocrx_word' id='word_1_239' title='bbox 1153 2225 1345 2265; x_wconf 88' lang='lat' dir='ltr'><strong>intuetur</strong></span> <span class='ocrx_word' id='word_1_240' title='bbox 1366 2224 1522 2265; x_wconf 89' lang='lat' dir='ltr'><strong>Fines:</strong></span> <span class='ocrx_word' id='word_1_241' title='bbox 1557 2225 1685 2266; x_wconf 88' lang='lat' dir='ltr'>Mens</span> 
     </span>
     <span class='ocr_line' id='line_1_32' title="bbox 427 2292 1683 2347; baseline 0 -12"><span class='ocrx_word' id='word_1_242' title='bbox 427 2308 530 2335; x_wconf 89' lang='lat' dir='ltr'><strong>vero</strong></span> <span class='ocrx_word' id='word_1_243' title='bbox 553 2292 789 2344; x_wconf 88' lang='lat' dir='ltr'><strong>rationalis,</strong></span> <span class='ocrx_word' id='word_1_244' title='bbox 805 2306 903 2346; x_wconf 78' lang='lat' dir='ltr'><strong>quae</strong></span> <span class='ocrx_word' id='word_1_245' title='bbox 924 2293 1029 2335; x_wconf 86' lang='lat' dir='ltr'><strong>vivit</strong></span> <span class='ocrx_word' id='word_1_246' title='bbox 1049 2293 1292 2342; x_wconf 68' lang='lat' dir='ltr'><strong>Caelestem,</strong></span> <span class='ocrx_word' id='word_1_247' title='bbox 1311 2293 1505 2347; x_wconf 91' lang='lat' dir='ltr'><strong>disponit</strong></span> <span class='ocrx_word' id='word_1_248' title='bbox 1526 2294 1683 2344; x_wconf 83' lang='lat' dir='ltr'><strong>media,</strong></span> 
     </span>
    </p>
   </div>
   <div class='ocr_carea' id='block_1_3' title="bbox 1771 0 1835 2672">
    <p class='ocr_par' dir='ltr' id='par_1_4' title="bbox 1771 0 1835 2672">
     <span class='ocr_line' id='line_1_33' title="bbox 1771 0 1835 2672; baseline 0 0"><span class='ocrx_word' id='word_1_249' title='bbox 1771 0 1835 2672; x_wconf 95' lang='lat' dir='ltr'><strong> </strong></span> 
     </span>
    </p>
   </div>
  </div>
 </body>
</html>
