1835 2672
388 155 431 189 34
626 145 810 181 CAPUT
835 146 1075 191 PRJMUM,
1109 146 1304 182 SECTJO
1336 147 1411 182 [Π.

386 242 557 296 sparsiS,
578 243 728 284 nutriti
752 242 790 283 &
813 243 1000 293 educati,
1024 257 1161 296 usque
1189 244 1295 284 dum
1325 244 1491 297 seipsos
1519 243 1648 285 libra-

386 318 482 352 rent
510 312 553 352 in
585 311 689 361 alas,
713 312 750 352 ἃ
781 312 1026 365 pendentes
1058 312 1100 352 in
1133 326 1246 353 novo
1277 313 1396 353 Aere
1427 318 1648 354 tentarent

385 380 591 421 volatum.
656 381 728 421 Ex
757 380 823 420 his
856 387 1013 434 sponte
1047 395 1125 422 sua
1158 381 1392 422 nidificatis
1426 382 1548 422 cunis
1581 388 1649 423 tot

386 449 539 490 alitum
561 463 733 502 genera,
752 449 789 490 ἃ
807 456 872 490 tot
890 450 1067 503 species,
1086 456 1194 502 quot
1213 456 1336 490 erant
1358 450 1648 503 arbustorum,

386 518 632 558 evolabant.
722 519 888 559 Verum
940 519 1245 572 vegetationes
1296 518 1426 571 hujus
1478 519 1652 572 generis

383 587 662 635 secundariae,
686 593 761 627 aut
784 601 840 627 ex
862 588 1028 627 semine
1049 601 1135 627 non
1159 587 1338 637 telluris,
1361 587 1438 628 sed
1465 602 1522 628 ex
1550 601 1650 641 pro-

384 655 489 708 prio,
507 662 583 696 aut
600 656 745 696 denuo
763 657 1096 708 egerminantes,
1115 669 1214 696 cum
1233 670 1312 696 suo
1329 662 1438 706 ortu,
1457 657 1649 709 oviparae

386 725 644 765 desinebant
666 738 779 775 esse3
814 738 916 764 nam
938 725 1250 778 principiorum
1269 725 1466 765 omnium
1489 724 1650 765 Princi-

385 794 518 846 pium,
559 793 675 834 unde
722 793 839 842 Vita,
880 800 983 833 ante
1025 801 1168 833 ortum
1213 807 1456 843 causarum,
1497 806 1650 834 omnes

385 862 584 914 origines,
603 875 735 902 unam
759 862 814 902 ab
837 862 984 911 altera,
1007 862 1049 901 in
1073 863 1280 902 continua
1303 863 1422 912 serie,
1441 862 1650 916 provisas,

385 931 446 971 ita
469 930 598 970 simul
621 931 849 983 disposuit,
868 944 917 971 ac
939 931 996 971 ab
1015 931 1178 971 intimis
1200 936 1276 971 aut
1298 930 1511 983 supremis
1532 931 1651 985 ipsos

386 1000 558 1040 ordines
591 1000 792 1048 instituit,
820 1005 867 1039 ut
894 1013 1030 1039 unum
1059 1013 1137 1039 suo
1164 1005 1363 1053 tempore
1390 1001 1651 1052 produceret

386 1067 424 1108 ἃ
457 1068 660 1108 educeret
690 1067 887 1108 alterum.
952 1067 1063 1108 Haec
1091 1068 1248 1108 decore
1271 1068 1459 1121 superba
1495 1068 1651 1122 proleS,

386 1137 632 1177 caelestibus
654 1137 742 1177 suis
762 1136 800 1177 &
819 1136 1033 1177 flammeis
1051 1136 1268 1177 coloribus
1286 1143 1429 1177 totum
1448 1137 1486 1178 ἃ
1503 1151 1648 1178 aerem

386 1205 424 1245 &
447 1206 598 1246 orbem
625 1206 934 1256 collustrabat;
963 1211 1086 1246 erant
1117 1206 1233 1246 enim
1265 1205 1454 1258 Species,
1479 1219 1577 1258 quae
1605 1207 1648 1246 in

386 1275 546 1315 vertice
577 1289 657 1315 suo
686 1288 765 1328 pro
802 1274 932 1314 crista
966 1287 1150 1314 coronas
1184 1275 1307 1326 quasi
1343 1274 1531 1327 gemmis
1563 1274 1650 1315 dis-

386 1344 558 1393 tinctas,
574 1358 624 1384 ac
642 1344 893 1383 diademate
910 1344 1178 1395 praecinctas,
1194 1357 1291 1395 quae
1309 1344 1470 1383 circum
1488 1342 1649 1384 collum

387 1412 565 1452 monilia
587 1426 686 1452 curn
704 1412 792 1451 suis
807 1413 967 1465 pretiis,
983 1411 1025 1451 in
1043 1412 1193 1451 caudis
1211 1411 1249 1451 &
1267 1411 1478 1452 talaribus
1494 1412 1650 1461 sidera,

385 1494 573 1529 auroras,
607 1480 644 1521 ἃ
678 1480 844 1520 futuras
876 1480 1015 1528 irides,
1048 1493 1233 1533 quaeque
1266 1481 1308 1519 in
1340 1481 1427 1520 suis
1459 1480 1650 1533 remigiis

386 1551 508 1603 ignes
531 1549 645 1591 Solis
668 1550 710 1589 in
733 1562 969 1602 purpuram
991 1548 1422 1602 versos,gestabant;
1445 1549 1649 1601 quaedam

387 1619 521 1658 etiam
542 1618 683 1670 ipsum
709 1617 974 1665 Paradisum,
997 1623 1072 1657 aut
1094 1617 1286 1669 aliquam
1309 1617 1401 1670 ejus
1427 1631 1650 1670 pompam,

387 1687 542 1740 pennis
564 1688 652 1726 suis
674 1686 976 1739 designabant.
1018 1686 1119 1738 Jam
1143 1685 1362 1726 Tellurem
1386 1700 1545 1727 novum
1563 1686 1651 1727 fere

388 1756 656 1796 incrustabat
685 1754 957 1804 Granarium,
985 1769 1041 1795 ex
1068 1755 1350 1796 faecunditate
1376 1761 1468 1796 tam
1498 1769 1650 1796 nume-

389 1838 497 1865 rosae
515 1825 660 1877 stirpis
682 1831 1008 1874 coacervatum;
1033 1825 1075 1864 in
1092 1824 1185 1872 hoc,
1208 1831 1255 1865 ut
1277 1825 1333 1864 ad
1355 1824 1437 1864 sibi
1455 1825 1650 1878 provisas

391 1894 427 1933 ἃ
454 1900 628 1946 paratas
661 1893 822 1946 epulas,
847 1907 959 1933 nova
987 1893 1081 1933 haec
1109 1894 1327 1946 terrigena
1355 1893 1511 1947 proles,
1529 1893 1650 1946 justo

388 1969 596 2015 tempore,
638 1963 1024 2013 introducebatur3
1072 1968 1165 2002 tum
1215 1963 1347 2002 etiam
1390 1962 1445 2002 ad
1487 1962 1649 2015 primo-

387 2032 584 2084 genitum
600 2031 705 2070 illud
721 2032 943 2080 vivarium,
962 2045 1036 2071 seu
1054 2030 1274 2070 volantem
1293 2030 1479 2079 turbam,
1495 2037 1542 2070 ut
1557 2030 1651 2083 ejus

388 2100 604 2140 luxuriem
628 2099 931 2148 detonderent,
956 2113 1010 2139 ne
1039 2098 1369 2138 immoderatius
1392 2098 1648 2148 abundaret,

388 2169 464 2209 sed
501 2175 548 2208 ut
584 2169 725 2208 omnis
761 2168 887 2221 copia
923 2167 961 2207 &
999 2168 1223 2221 quantitas
1265 2168 1307 2207 in
1345 2167 1501 2216 medio,
1537 2168 1648 2208 sicut

392 2237 627 2277 bilancium
650 2237 823 2285 trutina,
846 2243 991 2277 staret.
1055 2237 1123 2276 Ita
1142 2235 1394 2276 universalis
1414 2235 1648 2276 Providen-

391 2307 451 2347 tia
492 2306 534 2346 in
576 2304 926 2359 singularissimis
963 2304 1188 2345 efficienda
1224 2304 1261 2345 ἃ
1295 2303 1449 2345 effecta
1491 2304 1647 2358 dirige-
