1783 2760
620 160 698 194 DE
731 160 1021 196 PARADJSO.
1408 171 1447 194 21

191 259 267 300 secl
291 258 423 299 etiam
446 257 640 311 singulos
662 257 804 307 foetus,
821 271 906 297 non
925 271 981 297 ex
997 257 1093 307 alio,
1110 272 1240 311 quam
1260 272 1315 298 ex
1334 271 1451 298 com-

190 328 311 368 muni
334 328 528 367 omnium
552 327 748 375 Parente,
773 332 910 375 natos,
931 327 1140 366 enutriret
1163 326 1201 367 ἃ
1225 327 1452 376 educeret;

192 402 286 437 tum
309 398 441 437 etiam
464 402 510 436 ut
532 395 666 436 cuivis
688 409 745 436 ex
767 409 846 436 suo
868 396 1077 436 tribueret
1093 397 1268 436 vernale
1286 410 1426 436 aevum
1445 411 1452 445 ;

193 479 295 505 nam
328 465 433 506 nihil
464 479 551 505 non
584 479 642 505 ex
673 465 802 504 simili
832 465 946 505 Vere
977 464 1170 516 auspicia
1202 478 1280 505 sua
1311 464 1450 504 duxit.

191 533 387 586 Tempus
434 534 581 586 itaque
626 533 716 583 fuit,
756 546 853 573 cum
895 532 1178 586 Vegetabiles
1220 533 1352 573 foetus
1394 547 1450 573 ex

194 602 421 643 Seminum
437 616 611 642 suorum
626 601 764 642 thecis
782 602 977 641 omnium
992 601 1134 654 primo
1151 608 1427 654 erumperent
1444 615 1451 651 ;

192 683 380 723 cumque
401 671 496 723 ipsa
517 669 755 719 Animalia,
776 676 868 711 tarn
896 683 994 722 quae
1016 676 1172 710 natant
1196 669 1234 710 ἃ
1254 669 1453 719 volitant,

192 752 325 792 quam
366 752 465 791 quae
506 744 664 791 repunt
705 737 743 778 &
785 739 1056 791 gradiuntur,
1089 752 1146 778 ex
1182 738 1333 791 primis
1367 738 1454 778 suis

193 808 324 847 uteris
340 808 520 859 ovisque
537 806 849 857 evolverentur,
867 807 905 848 &
920 807 1021 847 dein
1037 807 1314 860 sapidissimo
1331 806 1454 854 lacte,

192 889 249 915 ex
273 874 426 915 florido
449 889 672 929 puerperae
689 876 794 923 sinu,
814 881 1025 929 tanquam
1047 875 1191 925 ubere,
1207 882 1453 921 emanante.

194 944 422 994 alerentur,
446 944 484 985 ἃ
509 958 645 997 usque
668 944 723 984 ad
746 944 851 984 illud
873 958 1027 992 aevum,
1050 945 1155 984 dum
1178 944 1286 997 juris
1311 951 1455 985 essent

192 1013 473 1065 sibimetipsis
495 1013 752 1065 prospicere,
776 1012 1196 1065 perducerenturUe).
1248 1013 1358 1061 Hoc,
1374 1012 1454 1052 nisi

192 1080 371 1120 favisset
401 1081 543 1132 ipsum
577 1079 757 1128 Caelum,
788 1079 1078 1132 nequicquam
1107 1093 1207 1119 eum
1238 1080 1454 1129 effectum,

193 1149 268 1202 qui
291 1155 358 1189 tot
378 1148 646 1188 infinitorum
670 1148 904 1188 effectuum
928 1149 1084 1188 iterum
1110 1162 1240 1189 causa
1268 1148 1455 1189 efficiens

194 1217 318 1266 foret,
341 1223 713 1270 consequuturum
743 1216 907 1266 fuisset,
929 1217 1006 1257 sed
1037 1223 1180 1257 enatae
1205 1217 1388 1266 soboles,
1414 1218 1455 1257 in

194 1286 335 1339 primo
377 1299 455 1326 suo
496 1291 605 1334 ortu,
640 1298 775 1325 novas
816 1299 916 1325 suas
955 1285 1124 1326 animas
1161 1285 1455 1326 exhalassent.

197 1354 304 1394 Ideo
323 1354 484 1394 Divina
502 1353 781 1394 Providentia
799 1353 859 1393 ita
878 1352 1065 1395 Ordines
1083 1367 1226 1393 rerum
1244 1354 1458 1407 disposuit

196 1422 235 1463 &
267 1423 440 1471 direxit,
462 1429 509 1463 ut
540 1423 752 1476 potentiae
783 1422 895 1463 sicut
925 1436 1069 1462 causae
1101 1422 1396 1473 succederent,
1420 1423 1458 1464 81

195 1491 250 1532 ad
285 1491 620 1544 perpetuandos,
653 1504 764 1543 quos
796 1490 1098 1544 producerent,
1133 1491 1324 1541 effectus,
1357 1505 1457 1532 con-

195 1560 385 1600 tinenter
401 1559 576 1612 junctae,
592 1572 638 1599 se
661 1564 814 1599 mutuo
837 1559 1214 1612 amplecterentur,
1234 1559 1272 1600 &
1288 1560 1457 1600 inirent.

258 1640 318 1681 19.
352 1627 501 1681 Quum
536 1628 686 1668 Tellus
720 1628 909 1681 primum
944 1641 1070 1667 suum
1105 1628 1231 1668 iniret
1263 1628 1366 1677 Ver,
1401 1642 1458 1668 ex

244 1718 294 1762 (k)
324 1718 526 1752 Consimile
548 1718 668 1753 existit
691 1718 729 1752 in
746 1724 873 1752 nostro
891 1718 998 1761 Vere,
1017 1729 1091 1763 quo
1109 1729 1184 1752 non
1203 1718 1321 1752 solum
1339 1719 1457 1762 Vege—

195 1773 323 1807 tabilia
351 1784 394 1807 ex
424 1772 565 1807 semine
592 1779 655 1807 aut
680 1773 806 1807 radice
837 1772 903 1806 sua
932 1773 1220 1815 resuscitantur;
1255 1772 1321 1807 sed
1347 1772 1459 1806 etiam

195 1828 430 1862 Animalcula
462 1839 506 1861 ex
540 1828 670 1870 ovulis,
703 1827 842 1861 vernali
876 1827 1055 1872 temperie
1094 1828 1214 1861 solum
1247 1827 1394 1862 favente
1427 1827 1459 1862 &

195 1883 393 1928 aspirante,
427 1882 691 1924 excluduntur3
733 1893 862 1917 verum
894 1882 957 1916 illa
990 1882 1180 1925 duntaxat,
1214 1892 1297 1927 quae
1330 1889 1458 1917 aetates

196 1949 281 1972 suas
301 1949 374 1972 non
393 1938 488 1971 ultra
505 1938 620 1971 nostri
639 1937 756 1981 Veris,
775 1943 837 1971 aut
856 1937 967 1971 etiam
986 1937 1153 1981 AEstatis,
1171 1938 1360 1982 terminos,
1378 1948 1459 1982 pro-

196 1992 344 2026 ducunt.
380 1992 595 2026 Animantia
608 2002 694 2026 vero
709 1991 851 2036 majora
865 1991 901 2025 in
914 1991 1127 2026 continuato
1139 1992 1241 2026 nasci
1257 1991 1459 2026 debuerant

196 2049 304 2091 Vere,
323 2048 551 2082 diuturnitati
574 2059 701 2082 eorum
725 2047 891 2081 infantiae
915 2047 948 2081 &
970 2047 1055 2081 vitae
1078 2047 1404 2092 correspondente,
1421 2053 1460 2081 ut

196 2103 434 2148 postmodum
456 2103 537 2147 ipsa
560 2102 766 2147 potuissent
789 2113 876 2136 suos
899 2102 1009 2136 soetus
1034 2102 1239 2146 concipere,
1256 2101 1460 2145 excludere,

196 2158 230 2192 &
247 2158 429 2193 educere:
454 2158 486 2192 &
513 2158 565 2192 sic
590 2169 656 2202 per
681 2158 875 2192 continuos
902 2158 1010 2201 fotus,
1030 2157 1063 2191 δε
1088 2157 1260 2192 ardentes
1286 2168 1403 2200 curas,
1422 2157 1459 2191 in

196 2213 327 2258 seipsis
344 2213 477 2248 referre
494 2214 695 2257 imaginem
710 2212 874 2247 continui
889 2213 921 2247 ἃ
934 2212 1101 2257 perpetui
1115 2212 1212 2247 illius
1226 2212 1346 2256 Veris,
1361 2212 1461 2257 quod

196 2268 255 2302 his
285 2268 362 2312 ejus
392 2268 534 2301 aemulis
562 2268 721 2312 primam
750 2267 939 2311 origenem
968 2267 1143 2302 dedisset.
1207 2268 1336 2302 Unum
1366 2268 1460 2302 sicut

198 2323 355 2358 alterum
371 2322 610 2357 manifestum
630 2322 778 2357 Divinae
798 2322 1045 2358 Providentiae
1063 2329 1118 2357 est
1137 2322 1411 2357 documentum.
