1783 2760
463 186 540 221 DE
572 184 771 220 AMORE
798 183 942 218 PRJM
943 183 1118 218 OGENI
1119 183 1153 216 T
1151 183 1180 217 I.
1388 181 1451 224 163

196 286 354 333 adstat,
377 297 549 338 prorsus
575 282 687 323 sicut
707 281 894 322 luciferae
917 287 1011 322 atra
1032 280 1248 333 ferrugine
1275 293 1449 333 sparsae.

196 369 274 395 nec
315 352 500 406 amplius
535 357 583 392 ut
618 349 940 403 Intelligentiae,
977 349 1054 389 sed
1091 355 1139 389 ut
1176 349 1364 388 Insaniae
1401 361 1450 387 ac

197 422 468 480 Dementiae;
514 419 552 461 &
590 419 670 459 nisi
712 424 830 459 artus
866 431 980 467 suos,
1013 417 1123 457 sicut
1159 416 1202 456 in
1239 422 1451 469 perpetuo

193 504 345 544 agone,
361 488 693 535 motitavissent,
709 487 886 535 diceres,
901 499 989 526 non
1006 485 1181 538 effigies,
1195 485 1271 524 sed
1289 484 1449 532 funera,

192 549 294 599 vitae
313 572 321 598 :
352 557 438 598 illae
457 556 634 610 quidem
656 557 798 596 visum
815 567 942 595 suum
960 568 985 595 a
1001 552 1179 607 speculo
1197 552 1271 592 illo
1289 551 1450 592 caelesti

193 626 379 679 abjicere
409 630 591 674 conatae,
614 623 691 664 sed
722 636 859 676 usque
889 622 1036 675 imago
1065 621 1153 661 alte
1183 620 1341 661 animis
1372 620 1451 660 im-

191 708 339 748 pressa
368 694 560 734 sedebat.
621 692 719 742 Ast,
751 691 960 733 faciemus
991 691 1137 738 etiam,
1163 689 1340 729 aiebant
1373 688 1451 730 Sa—

191 763 380 816 pientiae,
401 768 449 802 ut
469 761 659 802 Animus
681 766 824 801 vester
850 773 949 800 curn
981 759 1068 799 suis
1099 758 1239 811 geniis
1269 771 1347 797 vos
1375 757 1451 797 ob-

192 831 350 881 lectet;
381 830 497 872 illico
526 829 759 870 vibrabant
790 829 932 869 lucem
964 828 1029 868 sui
1061 826 1236 880 speculi,
1261 826 1299 867 &
1322 826 1450 866 simul

192 900 446 954 aperiebant
486 905 647 952 portaS,
690 904 737 939 ut
777 897 1001 938 incondita
1040 896 1114 937 illa
1154 895 1294 945 turba,
1332 908 1451 935 more

192 968 334 1018 solito,
350 981 448 1010 cum
463 968 551 1008 suis
565 967 743 1016 facibus,
759 967 802 1006 in
816 965 1040 1006 conclavia
1054 964 1272 1005 Mentium
1288 977 1448 1014 earum,

193 1038 476 1091 irrumperet;
520 1036 734 1084 fruamini,
768 1034 976 1083 dicentes,
1006 1034 1138 1073 etiam
1169 1032 1252 1073 hoc
1283 1039 1450 1085 specta-

192 1105 316 1155 culo;
348 1118 398 1145 ac
434 1101 549 1144 illico
586 1103 859 1157 apparebant
894 1102 955 1142 eis
991 1115 1142 1142 omnes
1177 1101 1305 1154 genii,
1340 1101 1450 1141 sicut

193 1173 393 1221 colubrae,
415 1173 576 1213 circum
605 1172 751 1224 capita
778 1171 948 1211 illarum
979 1169 1107 1210 flexae
1135 1183 1185 1210 ac
1213 1168 1449 1217 sibilantes,

193 1241 447 1294 saniemque
467 1253 591 1280 suam
612 1240 655 1279 in
680 1239 883 1292 Corporis
905 1238 1075 1278 illarum
1097 1251 1243 1287 venas,
1264 1237 1344 1278 viis
1373 1251 1451 1290 per

195 1323 362 1350 morsus
380 1310 551 1363 apertis,
566 1307 842 1349 infundentes
853 1308 928 1361 (s);
960 1320 1010 1347 ac
1032 1306 1217 1347 totidem
1240 1306 1323 1346 sibi
1344 1306 1448 1347 visae

236 1399 280 1444 (s)
309 1399 418 1444 Quod
437 1400 568 1434 Causae
586 1398 750 1432 omnium
770 1398 986 1432 Morborum
1005 1407 1069 1431 seu
1087 1396 1337 1431 Affectionum
1358 1397 1447 1430 Cor-

191 1455 300 1500 poris,
320 1455 512 1499 originitus
530 1454 644 1488 fluant
661 1465 684 1487 a
704 1453 844 1487 Morbis
863 1464 927 1487 seu
948 1452 1187 1486 Passionibus
1205 1451 1341 1495 Animi,
1360 1451 1448 1485 dum

191 1509 331 1544 scilicet
364 1510 394 1543 is
428 1519 493 1554 per
523 1509 709 1542 inversum
743 1507 922 1550 ordinem,
956 1507 993 1540 in
1030 1507 1195 1540 Mentem
1229 1506 1445 1540 rationalem

191 1564 367 1608 irrumpit,
385 1574 449 1598 seu
467 1563 554 1597 dum
572 1563 765 1607 imperium
784 1561 938 1596 traditur
955 1561 1110 1606 principi
1136 1561 1278 1604 Mundi,
1297 1560 1334 1594 id
1358 1561 1447 1595 satis

190 1618 328 1663 liquido
343 1625 496 1663 apparet
513 1618 561 1652 ab
579 1617 704 1652 Animi
729 1616 953 1661 effigiatione
976 1616 1014 1650 in
1036 1616 1137 1650 vultu
1161 1615 1278 1658 faciei,
1296 1610 1447 1660 ejusque

190 1674 316 1717 oculis,
342 1674 380 1707 in
405 1673 623 1716 actionibus,
649 1673 824 1716 gestibus,
850 1671 1016 1716 loquelis,
1042 1670 1356 1715 respirationibus,
1380 1670 1444 1705 &a

192 1729 414 1773 Cumprimis
432 1740 518 1763 vero
535 1729 583 1762 ab
601 1728 678 1772 ejus
697 1727 871 1762 continuo
889 1726 1024 1759 influxu
1042 1725 1079 1759 in
1098 1725 1272 1759 fibrarum
1292 1725 1323 1759 Sc
1341 1736 1446 1759 vaso—

189 1794 270 1817 rum
288 1790 495 1818 nostrorum
513 1783 648 1823 fluida;
675 1782 720 1816 de
738 1793 810 1826 quo
829 1781 965 1814 influxu
982 1780 1064 1815 heic
1082 1780 1200 1814 solum
1218 1780 1266 1813 ab
1281 1780 1354 1813 una
1367 1780 1445 1824 ejus

189 1838 385 1873 affectione
417 1838 648 1880 instruamur,
683 1837 821 1871 scilicet
854 1836 901 1869 ab
938 1835 1007 1878 Ira,
1038 1846 1120 1879 quae
1153 1835 1265 1869 etiam
1294 1842 1446 1868 vocatur

189 1893 498 1928 excandescentia
515 1906 523 1935 ;
549 1893 637 1927 dum
654 1892 754 1926 enim
770 1891 804 1926 ei
821 1891 982 1935 aperitur
1000 1901 1153 1934 campus
1177 1900 1217 1923 se
1239 1890 1276 1923 in
1302 1890 1444 1934 Corpus

190 1949 414 1992 effundendi,
433 1960 473 1983 se
490 1948 586 1982 illico
609 1947 820 1981 manifestat
843 1957 907 1990 per
932 1945 1199 1980 ineffraenatum
1225 1945 1386 1979 calorem
1411 1946 1443 1979 δι

191 2004 324 2048 ignem,
342 2004 500 2038 ardescit
517 2003 616 2038 enim
636 2002 805 2046 Sanguis,
823 2001 885 2045 qui
908 2001 944 2034 in
968 2000 1120 2034 minima
1143 2011 1233 2034 vasa
1254 2011 1276 2033 a
1298 2001 1443 2044 magnis

190 2059 357 2104 erumpit,
383 2065 540 2093 aestuant
562 2058 714 2092 Viscera
737 2067 852 2101 usque
874 2056 923 2090 ad
947 2056 1142 2098 Medullas,
1169 2055 1444 2090 inflammantur

193 2115 433 2158 Membranae,
459 2119 694 2158 exasperatur
721 2111 940 2156 Respiratio,
967 2110 1165 2145 indurescit
1192 2111 1324 2153 Sonus,
1348 2110 1442 2144 intu-

190 2175 357 2203 mescunt
368 2169 533 2212 Arteriae,
545 2168 738 2202 turbantur
751 2167 898 2209 Sensus,
911 2166 1003 2200 sicut
1015 2166 1146 2199 interni
1159 2165 1270 2199 etiam
1284 2165 1420 2199 externi
1433 2177 1441 2205 3

190 2223 353 2258 fomenta
375 2225 487 2259 etiam
509 2224 691 2258 crassiora
713 2234 734 2257 e
757 2222 831 2256 suis
857 2221 947 2256 locis
971 2221 1006 2255 vi
1031 2221 1279 2262 extruduntur,
1298 2220 1331 2254 &
1348 2220 1442 2254 sicut

190 2278 369 2313 fermenta
401 2279 615 2313 humoribus
650 2277 871 2322 injiciuntur,
901 2276 992 2310 Bilis
1026 2276 1164 2310 scilicet
1194 2282 1273 2309 atra
1303 2286 1346 2308 ex
1376 2275 1442 2308 sua

189 2333 323 2377 vesica,
339 2345 384 2369 ex
401 2334 503 2378 cujus
524 2334 687 2377 faecibus,
706 2332 882 2368 ramentis
908 2331 941 2366 δε
967 2331 1066 2365 duris
1091 2330 1268 2376 partibus,
1286 2330 1440 2365 totidem
