1835 2672
386 149 426 183 16
647 149 829 184 CAPUT
858 149 1096 193 PRIMUM,
1132 150 1327 185 SECTJO
1356 151 1387 185 J.

382 248 641 288 circumfusa
655 248 815 297 nimbo,
829 248 901 300 qui
918 254 1135 288 recentem
1152 248 1278 288 iniret
1293 246 1646 300 atmosphaeram,

383 317 421 357 &
445 318 487 357 in
511 317 673 358 calidos
695 317 880 357 Telluris
911 318 1030 357 sinus
1059 317 1265 370 relapsus,
1289 316 1406 356 illam
1437 317 1646 356 continuo

382 399 544 438 vapore
566 386 836 426 refocillaret.

446 464 504 506 15.
539 455 648 494 Haec
674 455 868 507 virginea
898 453 935 494 Sc
966 467 1114 494 recens
1143 453 1306 503 Tellus,
1330 460 1419 494 tam
1450 454 1647 506 speciosa

382 525 592 563 instructa
615 523 843 575 facie,jam
867 522 1092 575 quoddam
1116 536 1278 562 novum
1302 523 1647 575 repraesentabat

382 591 539 639 Ovum,
570 592 646 632 sed
681 592 799 644 quod
834 591 1020 631 totidem
1056 592 1111 631 ad
1146 591 1420 644 superficiem
1453 590 1647 632 collectis

381 661 531 709 ovulis,
550 675 624 701 seu
643 661 868 700 seminulis
890 661 1070 713 triplicis
1093 660 1186 713 ejus
1209 660 1341 700 futuri
1367 661 1522 713 Regni,
1540 667 1647 714 puta

383 729 618 778 Mineralis,
642 728 916 781 Vegetabilis
950 729 987 769 &
1017 729 1249 778 Animalis,
1272 729 1492 769 differtum
1522 735 1645 770 esset.

385 799 496 839 Haec
524 799 691 838 semina
719 812 794 837 seu
825 797 1134 838 inchoamenta
1164 797 1306 838 adhuc
1334 798 1581 851 inseparata
1603 799 1646 838 in

382 869 470 907 suis
492 867 749 907 rudimentis
774 866 1008 919 jacebant;
1042 879 1177 906 unum
1206 866 1371 906 scilicet
1400 866 1645 907 involutum

381 937 516 985 alteri,
529 937 683 988 Regno
698 936 899 974 nimirum
917 935 1131 984 Minerali,
1142 936 1259 987 quod
1276 937 1436 976 matrix
1453 936 1646 976 futurum

381 1012 507 1054 esset,
524 1006 727 1057 Regnum
750 1005 1022 1057 Vegetabile,
1040 1004 1078 1044 ἃ
1101 1004 1212 1054 huic,
1229 1005 1346 1057 quod
1369 1019 1448 1058 pro
1470 1005 1647 1046 alumna

383 1074 421 1114 &
462 1074 611 1114 altrice
652 1074 969 1121 inserviturum,
1015 1073 1220 1125 Regnum
1261 1072 1497 1124 Animale;
1543 1088 1645 1114 nam

381 1142 552 1195 singula
573 1142 779 1182 distincte
796 1142 1081 1194 postmodum
1105 1155 1162 1180 ex
1186 1141 1417 1182 involucris
1440 1143 1528 1182 suis
1549 1156 1647 1195 pro-

382 1213 536 1252 dirent.
600 1211 670 1250 Ita
698 1223 889 1263 praesens
917 1211 1132 1250 continuit
1166 1211 1449 1263 praeteritum,
1479 1210 1516 1251 ἃ
1545 1225 1647 1251 ven-

382 1288 528 1320 turum
551 1278 679 1319 latuit
701 1280 743 1318 in
768 1285 964 1331 utroque,
982 1292 1082 1317 nam
1102 1278 1287 1318 alterum
1310 1280 1517 1319 continua
1539 1280 1647 1320 serie

383 1350 567 1389 alterum
598 1347 836 1400 implicuit:
871 1360 957 1399 qua
990 1347 1168 1394 ratione,
1199 1346 1293 1386 haec
1328 1347 1477 1387 Tellus
1505 1361 1530 1387 a
1559 1349 1646 1388 suis

384 1416 651 1458 continuatis
683 1415 885 1468 auspiciis
913 1415 1006 1467 jugi
1039 1421 1131 1455 erat
1163 1416 1205 1454 in
1238 1416 1430 1468 quodam
1463 1422 1571 1465 ortu,
1607 1416 1645 1457 81

384 1487 493 1526 sicut
517 1487 558 1525 in
583 1485 740 1524 intuitu
765 1485 1052 1536 sequentium,
1068 1484 1172 1523 dum
1196 1485 1237 1523 in
1261 1484 1344 1523 fine
1368 1484 1405 1524 ἃ
1429 1486 1551 1537 quasi
1569 1485 1645 1525 ob-

384 1556 543 1595 livione
566 1554 944 1603 antecedentium;
972 1552 1009 1592 &
1033 1553 1272 1592 secundum
1296 1554 1644 1606 progressionem

385 1626 427 1664 in
451 1625 527 1663 sua
550 1623 690 1662 orbita
712 1636 736 1661 a
764 1628 914 1662 centro
944 1623 1185 1671 recedente,
1209 1635 1343 1662 novas
1371 1623 1647 1663 continenter

385 1692 634 1732 involvebat
657 1691 888 1744 potentiaS,
912 1704 968 1731 ex
998 1690 1154 1743 quibus
1183 1692 1423 1731 successive
1452 1690 1645 1744 explica-

383 1767 530 1802 rentur
550 1774 661 1801 usuS.
