1835 2672
350 139 415 181 184
545 139 732 175 CAPUT
759 140 1078 184 SECUNDUM,
1112 140 1308 176 SECTJO
1338 140 1413 174 III.

346 237 461 278 illius
501 237 743 279 Sabbatha.
803 239 895 279 Alii
931 253 1034 280 vero
1070 239 1208 288 aliter,
1242 239 1319 279 sed
1353 238 1612 292 plerumque

344 321 423 360 per
455 307 856 357 circumcursiones,
889 322 1050 362 opacas
1081 322 1249 358 scenas,
1271 314 1347 348 aut
1380 307 1613 357 convalles,

345 389 424 415 nec
446 376 527 416 nisi
549 390 682 429 quam
706 391 813 426 sero,
831 378 865 417 si
889 391 1089 430 usquam,
1112 391 1158 417 se
1179 379 1222 417 in
1253 391 1418 417 errores
1448 376 1612 418 abduc·

344 451 415 485 tos
437 445 845 498 deprehendebant.

403 516 469 555 86.
503 514 592 556 Sed
629 515 732 568 quia
762 515 856 568 jam
893 529 1076 568 vespera
1111 516 1250 565 adest,
1282 529 1550 568 rumpamus,
1571 515 1611 557 &

343 583 474 636 hujus
520 585 734 624 sermonis
774 585 909 624 telam
950 584 1035 624 alio
1077 584 1148 625 die
1189 584 1464 634 retexamus,
1507 599 1611 625 nam

343 653 512 693 Tecum
549 653 586 693 &
626 653 868 693 Nobiscum
915 653 1034 693 haud
1082 653 1236 693 similis
1278 668 1345 694 res
1385 660 1478 704 est;
1522 667 1611 694 non

342 722 555 762 currimus
587 722 668 761 hos
705 722 845 770 ludos,
868 735 1018 761 sumus
1050 722 1093 761 in
1130 722 1286 762 intima
1317 725 1447 771 meta,
1472 722 1510 763 ἃ
1539 723 1610 764 hic

342 790 565 832 ludimus:
596 791 725 843 potiti
754 805 915 839 sumus,
947 790 984 831 ἃ
1016 790 1199 831 fruimur
1229 790 1399 831 Amore
1430 798 1610 833 nostro:

342 867 452 912 quot
493 874 645 900 sumus
687 866 775 900 tuae
819 860 1132 913 Intelligentiae
1175 860 1213 900 &
1257 860 1507 914 Sapientiae,
1544 868 1612 902 tot

342 943 494 970 sumus
516 930 649 969 etiam
680 929 887 969 Infantia:
915 943 966 969 ac
997 929 1296 979 Innocentiae;
1329 930 1512 982 proinde
1543 936 1610 971 tot

341 1013 494 1038 sumus
524 998 634 1051 Ejus
663 998 887 1051 Imagines
909 1013 917 1039 z
950 998 1045 1038 Nos
1067 1005 1189 1038 tuam
1213 997 1461 1051 perficimus
1484 999 1610 1040 Men-

341 1074 446 1117 tem,
486 1081 564 1121 per
605 1068 700 1107 Nos
741 1068 889 1120 itaque
931 1067 1000 1107 Tu
1052 1068 1144 1120 ipse
1186 1081 1231 1107 es
1272 1067 1382 1120 Ejus
1423 1068 1610 1122 Imago:

340 1137 558 1177 Amorem
585 1143 709 1177 tuum
743 1150 823 1176 nos
855 1136 993 1176 oculis
1025 1136 1185 1176 nostris
1213 1137 1536 1189 conspicimus;
1569 1137 1608 1179 ἃ

340 1220 419 1260 per
454 1220 533 1246 nos
566 1212 612 1246 tu
647 1206 780 1246 etiam
819 1205 970 1258 Ipsum
1001 1206 1161 1246 tueris:
1191 1206 1364 1259 quoties
1394 1206 1474 1247 Ille
1507 1207 1610 1260 Ipse

341 1275 475 1315 intrat
499 1275 536 1316 81
560 1275 665 1323 exit,
684 1276 727 1315 Is
749 1281 793 1315 te
814 1289 892 1328 per
918 1288 998 1314 nos
1029 1274 1218 1326 salutat;
1254 1274 1292 1315 δι
1326 1289 1381 1315 ne
1411 1289 1608 1329 unquam

340 1345 509 1398 absque
543 1345 611 1384 Eo
632 1346 781 1393 simus,
805 1344 1045 1397 Sapientiis
1077 1345 1178 1394 suis,
1201 1358 1252 1385 ac
1286 1345 1609 1398 Intelligentiis,

340 1427 527 1466 quarum
571 1413 672 1466 Ipse
714 1414 908 1453 animam
951 1414 1055 1466 agit,
1090 1413 1351 1453 mandatum
1388 1414 1522 1464 dedit,
1560 1421 1609 1456 ut

341 1496 559 1535 nusquam
594 1497 619 1522 a
656 1482 781 1522 nobis
816 1482 1059 1531 discedant,
1085 1483 1145 1522 sic
1181 1482 1363 1522 Illarum
1393 1483 1608 1524 beneficio

340 1553 554 1605 perpetua
591 1551 700 1604 Ejus
732 1551 914 1591 fruimur
942 1552 1176 1604 praesentia
1199 1551 1237 1591 ἃ
1259 1552 1360 1592 vita.
1421 1553 1607 1594 AEterna

339 1621 489 1673 itaque
523 1634 675 1660 omnes
708 1620 947 1673 jungamur
981 1620 1150 1674 copula,
1187 1620 1224 1660 ἃ
1263 1621 1306 1660 in
1342 1620 1503 1662 Mente·
1529 1624 1605 1663 tua

337 1690 553 1730 sociemus
575 1689 845 1743 hospitium;
877 1689 1040 1729 saedera
1070 1689 1164 1730 haec
1196 1689 1376 1730 socialia
1403 1696 1605 1744 tempora

339 1759 458 1799 nulla
480 1765 687 1812 rumpant
709 1773 717 1809 ;
751 1759 830 1799 tibi
852 1765 995 1812 pactae
1017 1772 1168 1799 sumus
1188 1773 1196 1809 ;
1230 1759 1488 1800 intrabimus
1509 1760 1603 1812 jam

340 1827 586 1880 Olympum
625 1834 762 1877 tuum,
784 1834 832 1868 ut
869 1841 1045 1881 sponsae
1079 1827 1353 1879 thalamum,
1383 1842 1437 1868 en
1464 1829 1603 1878 video,

337 1896 483 1936 Amor
519 1903 667 1936 noster
700 1897 792 1950 ipse
829 1894 1010 1950 praesert
1052 1897 1245 1947 taedam3
1288 1896 1326 1937 ἃ
1362 1896 1602 1951 Sapientiae

339 1965 449 2018 Ejus
482 1966 783 2018 applaudunt:
829 1966 889 2006 sic
926 1953 1051 2006 finita
1085 1972 1150 2006 est
1183 1966 1278 2007 haec
1317 1966 1471 2017 Scena‚
1503 1981 1604 2021 quae

339 2035 493 2076 ordine
516 2035 683 2088 Quinta
705 2041 814 2076 erat.
