1835 2672
385 184 427 218 32
626 176 811 212 CAPUT
839 177 1078 222 PRIMUM,
1112 176 1308 211 SECTIO
1341 176 1415 211 III.

384 276 541 329 stirpes
562 289 662 316 suas
684 276 955 329 vegetabiles
976 276 1248 329 propagavit.
1294 275 1481 315 Ineunte
1503 274 1651 328 itaque

385 343 424 384 ἃ
453 345 761 397 progrediente
790 345 915 394 Vere,
943 344 1182 385 Vermiculi
1213 344 1251 384 &
1283 344 1450 393 Erucae,
1472 345 1515 384 in
1544 344 1651 384 lucis

383 427 560 454 usuram
587 414 858 467 ereptabant,
882 414 1066 463 foeturae,
1089 427 1188 466 quae
1218 413 1386 453 caeteris
1415 412 1651 466 ignariores

383 482 426 522 in
468 496 558 522 suae
594 483 696 523 vitae
733 483 1072 522 exercitationes
1114 482 1152 522 δε
1195 482 1358 530 munia,
1396 481 1651 534 agebantur.

388 552 499 591 Haec
524 552 705 591 minima
726 552 842 592 Vitae
865 551 1140 599 simulachra,
1159 557 1235 591 aut
1251 551 1450 591 viventes
1469 550 1652 590 Naturae

383 621 489 674 typi,
508 620 708 661 similiter
730 621 772 660 in
794 621 881 660 suis
905 621 1055 673 primis
1076 620 1240 669 formis,
1257 634 1282 660 a
1304 620 1463 672 quibus
1485 619 1652 660 anima—

384 689 554 739 bantur,
578 689 721 729 adhuc
743 690 968 742 quoddam
990 690 1180 742 penitius
1208 689 1407 729 abditum
1435 688 1652 738 celabant,

384 758 502 810 quod
525 764 625 811 post
648 758 849 811 reptilem
869 758 907 798 ἃ
927 757 1261 799 ventricularem
1284 764 1490 798 exactam
1514 757 1651 798 vitam

384 840 430 867 se
452 827 707 880 expediret:
737 827 816 866 Vis
839 827 933 867 haec
956 827 1135 867 interius
1153 827 1252 867 viva
1268 826 1528 867 vermiculos
1550 839 1651 866 suos

383 896 427 935 in
451 896 682 948 nymphas,
706 895 891 935 aurelias
914 909 988 935 seu
1016 894 1312 948 chrysallides‚
1336 895 1652 944 connucleavit,

385 963 423 1004 ἃ
446 965 600 1017 prioris
621 964 864 1017 corpusculi
889 965 1078 1004 stamina
1101 965 1162 1004 ita
1182 965 1392 1004 continuo
1420 965 1652 1017 protraxit,

385 1032 423 1073 &
446 1033 736 1082 concinnavit,
757 1039 805 1072 ut
831 1046 938 1072 mox
967 1034 1166 1073 excussis
1196 1034 1388 1080 remoris,
1411 1032 1449 1072 ἃ
1480 1032 1651 1085 rejectis

384 1102 566 1151 exuviis,
603 1102 682 1141 alis
718 1102 1062 1154 accingerentur,
1096 1101 1134 1142 &
1166 1101 1222 1141 ab
1253 1101 1389 1141 humo
1421 1101 1651 1142 sublimius

384 1171 554 1220 elevati,
597 1170 812 1223 reliquum
864 1184 953 1210 suae
1004 1171 1107 1210 vitae
1159 1171 1407 1223 spatiolum,
1450 1183 1650 1210 amorum

384 1240 555 1289 delitiis,
566 1253 704 1293 genus
720 1253 845 1279 suum
862 1239 1153 1292 perpetuandi
1167 1239 1318 1291 gratia,
1333 1239 1649 1292 impenderent,

385 1309 423 1348 ἃ
448 1309 657 1348 maternis
680 1308 844 1348 similes
874 1294 994 1347 sinus
1017 1307 1304 1347 foetificarent.
1328 1321 1335 1347 :
1389 1308 1524 1348 Nulla
1547 1314 1650 1357 erat,

385 1391 438 1417 ne
461 1377 639 1430 quidem
659 1377 852 1425 minima,
870 1377 912 1415 in
931 1376 1190 1416 obscurioris
1209 1376 1302 1429 jam
1322 1376 1481 1429 elapsae
1499 1390 1650 1418 eorum

383 1447 485 1486 vitae
509 1445 715 1494 orbiculo,
736 1445 945 1485 naturalis
969 1444 1147 1493 functio,
1167 1458 1245 1484 nec
1269 1444 1356 1484 ulla
1380 1446 1421 1484 in
1444 1446 1651 1498 organica

386 1528 535 1555 eorum
561 1515 768 1567 Corporis
786 1515 977 1561 textura,
995 1513 1197 1554 arteriola
1214 1520 1290 1554 aut
1308 1513 1428 1562 fibra,
1446 1528 1544 1566 quae
1563 1527 1650 1554 non

384 1584 497 1624 hanc
529 1597 679 1624 eorum
708 1584 809 1623 vitae
842 1583 1140 1623 conditionem
1173 1582 1443 1635 projiciebat,
1466 1582 1504 1622 &
1538 1582 1651 1623 hanc

385 1653 507 1706 quasi
527 1653 582 1692 ad
607 1658 770 1692 metam
794 1652 1028 1704 quandam,
1053 1658 1100 1691 ut
1125 1651 1342 1691 exantlati
1370 1652 1513 1704 operis
1541 1666 1650 1705 prae—

385 1722 521 1761 mium
555 1726 838 1774 reportarent,
862 1720 1074 1773 urgebat;
1106 1720 1165 1760 ita
1196 1719 1312 1770 Vita,
1344 1734 1400 1760 ex
1433 1721 1519 1773 qua
1551 1733 1652 1773 age-

385 1794 503 1842 bant,
545 1806 622 1845 per
663 1792 939 1831 continentes
981 1792 1112 1831 series
1155 1791 1346 1831 ducebat
1386 1798 1570 1836 stamen,
1611 1790 1650 1830 &

386 1862 557 1902 Natura
590 1875 636 1901 se
674 1861 767 1913 ejus
802 1860 925 1901 nutui
962 1860 1238 1913 paratissime
1271 1859 1648 1900 accommodabat.

387 1932 611 1977 Praeterea,
636 1929 754 1970 nulla
776 1935 868 1969 erat
891 1930 933 1968 in
957 1930 1157 1969 universa
1178 1928 1260 1969 hac
1282 1928 1462 1981 ignobili
1485 1928 1651 1968 familia

385 2000 561 2053 species
585 2012 683 2051 quae
708 2012 793 2038 non
822 1999 1015 2050 aliquam
1044 1998 1293 2050 symbolam
1323 1998 1379 2037 ad
1411 2010 1501 2037 rem
1530 2010 1649 2037 corn-

386 2080 592 2115 mumem‚
607 2067 640 2106 si
660 2080 746 2106 non
762 2067 1168 2120 impraesentiarum,
1184 2080 1321 2119 usque
1335 2072 1436 2119 post
1451 2066 1650 2119 elapsura

385 2136 556 2185 saecula,
586 2135 823 2185 conferret;
861 2136 1036 2176 tametsi
1071 2149 1160 2185 nos,
1191 2149 1264 2175 eas
1295 2135 1518 2185 utilitates,
1551 2148 1649 2188 quae

386 2205 606 2259 myriades
634 2211 748 2253 sunt,
769 2204 968 2244 sensibus
998 2204 1165 2252 nostris,
1189 2204 1261 2256 qui
1291 2203 1424 2243 modo
1453 2217 1648 2244 summas

387 2276 619 2316 effectuum
642 2273 790 2322 libant,
815 2273 853 2314 δε
880 2287 937 2313 ex
961 2273 1011 2312 iis
1039 2273 1326 2325 paucissimos
1354 2286 1456 2312 usus
1485 2272 1649 2325 legunt,

388 2358 473 2385 non
497 2344 701 2396 detegere
723 2343 1007 2396 potuerimus
1053 2342 1122 2382 Ita
1140 2340 1233 2393 jam
1253 2341 1484 2382 Paradisus
1503 2348 1650 2381 noster
