1783 2760
383 147 460 181 DE
491 145 764 180 JNFANTJA
801 144 1181 179 PRIMOGENJTJ,
1367 150 1405 186 55

158 245 410 299 spiciebant,
445 245 479 285 si
515 244 619 297 quid
655 257 680 283 a
715 242 924 296 suppetiis
961 255 986 282 a
1025 243 1180 282 natura
1218 241 1404 281 ferendis

159 314 457 362 omitteretur;
489 312 659 352 Natura
690 324 776 351 non
809 311 926 363 prius
961 323 1084 350 suam
1118 315 1406 362 spontaneam

161 381 389 421 intermisit
419 393 607 433 operam,
639 393 770 432 quam
802 379 906 418 dum
935 377 1125 431 pupillus
1156 376 1296 416 infans
1327 376 1406 416 sub

157 449 366 502 obsequio
393 454 573 489 suaemet
603 448 764 487 Mentis
790 447 869 486 sibi
899 447 978 499 ipsi
1006 445 1251 498 prospicere
1281 458 1406 497 posse

159 517 384 558 videretur.
447 518 658 557 Praeterea
685 515 890 556 Caelestes
914 514 1145 562 Custodiae,
1168 520 1216 553 ut
1236 526 1408 566 corpus-

160 585 305 626 culum
343 586 384 625 in
419 585 501 625 hoc
535 585 789 637 obsequium
826 583 951 623 citius
986 588 1207 631 cresceret,
1240 583 1409 621 suamet

160 655 382 708 adspirata
407 654 565 694 virtute
595 653 632 693 &
661 652 832 705 adjecta
860 652 1058 704 potentia
1085 650 1412 699 accelerabant3

163 736 242 763 nec
278 722 418 763 solum
459 722 619 762 circum
655 722 766 761 circa
801 726 965 761 stantes
1002 721 1039 760 ei
1075 719 1302 768 vacabant,
1337 719 1412 758 sed

162 790 294 832 etiam
317 792 360 831 in
382 791 644 844 ipsissimum
669 789 994 842 Corpusculum,
1017 788 1195 841 ejusque
1223 801 1414 828 recessus

162 859 304 900 adhuc
318 859 620 899 umbratilibus
637 858 899 898 membranis
917 857 1146 905 involutos,
1161 871 1206 896 se
1220 857 1415 896 infunde-

162 929 294 969 bant:
347 928 604 969 Caelestibus
636 928 751 966 enim
781 927 882 979 quia
915 926 1128 966 Essentiae
1160 924 1415 978 Spirituales

164 1003 275 1046 sunt,
299 998 341 1037 in
367 996 520 1036 intima
547 1009 683 1048 usque
713 994 968 1047 penetrandi
996 994 1122 1046 copia
1149 993 1287 1042 datur,
1311 992 1417 1033 nihil

164 1066 291 1115 enim,
306 1065 423 1117 quod
446 1069 611 1103 naturae
630 1069 704 1112 est,
720 1062 878 1112 obstat,
894 1075 995 1102 nam
1018 1062 1127 1101 sicut
1145 1062 1186 1101 in
1205 1062 1416 1113 supremis

165 1134 297 1174 etiam
315 1133 357 1172 in
374 1132 538 1172 intimis
552 1137 665 1180 sunt,
680 1132 767 1170 imo
782 1131 914 1171 etiam
933 1143 1030 1170 cum
1050 1131 1236 1183 ipsamet
1253 1129 1417 1169 Anima

167 1202 404 1254 Menteque
433 1200 653 1253 quandam
686 1199 906 1239 societatis
941 1199 978 1239 ἃ
1012 1198 1197 1251 loquelae
1228 1199 1418 1250 speciem

161 1270 376 1323 jungunt:
423 1268 504 1309 hac
544 1269 692 1320 itaque
733 1267 932 1315 salutata,
970 1266 1141 1319 singula
1181 1280 1278 1319 quae
1315 1267 1419 1307 inibi

166 1339 367 1392 organice
406 1344 531 1378 texta
572 1342 705 1385 erant,
747 1336 1028 1384 rimabantur,
1069 1336 1280 1388 imprimis
1322 1350 1421 1388 quae

166 1409 320 1448 intima
356 1406 446 1459 ejus
480 1406 676 1447 Sacraria
707 1404 1106 1457 circumstipabant,
1137 1404 1299 1445 scilicet
1328 1405 1419 1457 ejus

167 1476 408 1529 Olympum
450 1475 492 1514 in
528 1487 699 1514 summo
735 1474 894 1513 vertice
930 1473 1251 1522 adumbratum,
1289 1487 1419 1525 quem

168 1544 473 1602 Intelligentiis
514 1557 564 1583 ac
607 1542 808 1583 Scientiis
850 1541 1126 1581 incolendum
1169 1542 1420 1581 addicturus

167 1619 279 1654 esset
291 1612 344 1665 (ε)
364 1627 372 1663 ;
405 1625 614 1665 perquam
630 1611 894 1659 exhilaratae,
911 1610 1027 1663 quod
1044 1623 1143 1650 eum
1161 1611 1216 1650 ad
1234 1610 1419 1663 effigiem

217 1703 264 1748 (Ζ)
292 1704 367 1737 Ubi
396 1703 456 1737 hic
488 1703 679 1746 Olympus,
711 1712 774 1736 seu
810 1701 950 1735 Caelum
986 1701 1328 1744 Intelligentiarum,
1359 1707 1421 1735 aut

168 1759 312 1802 clarius,
330 1758 479 1792 ubinam
500 1758 607 1791 Mens
625 1763 750 1790 nostra
768 1756 1035 1798 intellectualis,
1053 1755 1199 1797 residet,
1218 1766 1292 1789 non
1315 1755 1422 1789 datur

168 1814 268 1848 aliud
293 1814 454 1848 medium
484 1812 740 1856 investigandi,
766 1823 878 1856 quam
904 1818 941 1845 ut
966 1822 1162 1855 sequamur
1187 1811 1286 1855 ipsas
1311 1811 1422 1844 fibras

168 1880 284 1914 usque
309 1868 357 1902 ad
383 1879 487 1901 suum
512 1867 680 1901 ultimum
706 1867 738 1900 &
763 1866 921 1910 primum
947 1866 1165 1899 terminum:
1192 1876 1277 1898 nam
1302 1865 1421 1899 omnis

169 1931 295 1959 nostra
325 1923 494 1958 Sensatio
523 1923 572 1956 ad
597 1922 766 1956 intimum
793 1933 898 1955 suum
926 1922 1093 1961 Sensum,
1120 1921 1152 1954 δι
1178 1920 1263 1954 inde
1288 1920 1335 1954 ad
1364 1921 1422 1953 In-

169 1980 365 2022 tellectum,
390 1978 592 2012 secundum
615 1977 737 2019 fibras,
763 1987 844 2020 quae
870 1976 1052 2010 Sensoriae
1076 1975 1256 2017 dicuntur,
1280 1975 1421 2017 transit,

170 2035 221 2069 ita
239 2045 261 2068 a
277 2033 357 2066 visu
377 2032 483 2066 Oculi
507 2043 571 2076 per
593 2032 703 2065 fibras
729 2031 842 2065 Nervi
868 2031 1003 2075 Optici,
1021 2030 1068 2063 ab
1095 2029 1242 2064 Olfactu
1266 2030 1421 2063 Narium

170 2100 235 2134 per
261 2088 482 2122 Olfactorias
508 2098 571 2121 seu
599 2087 796 2120 Processus
824 2085 1094 2127 Mammillaris,
1119 2085 1167 2118 ab
1196 2085 1332 2118 Auditu
1358 2096 1423 2128 per

171 2144 381 2179 Auditorias
407 2143 516 2177 duras
543 2143 575 2176 ἃ
600 2142 741 2184 molles,
759 2141 791 2175 &
818 2141 869 2175 sic
895 2152 1012 2185 porro.
1062 2141 1114 2175 Ut
1137 2151 1222 2184 ergo
1246 2140 1421 2174 terminus

170 2200 313 2234 illarum
329 2199 467 2243 primus
491 2198 523 2232 δι
545 2198 693 2231 ultimus
717 2196 932 2238 inveniatur,
953 2196 1153 2230 Cerebrum
1177 2195 1327 2229 omnino
1351 2201 1422 2228 tra-

168 2254 369 2299 jiciendum
394 2259 459 2296 est,
482 2264 551 2287 nec
575 2252 674 2297 prius
700 2263 811 2296 quam
836 2251 872 2284 in
897 2251 1071 2285 fibrarum
1096 2250 1229 2284 finibus
1256 2250 1288 2284 ἃ
1315 2249 1422 2283 simul

174 2309 443 2344 inchoamentis
473 2307 771 2348 subsistendum3
805 2305 958 2350 trajecto
988 2306 1112 2349 itaque
1142 2315 1206 2339 seu
1230 2310 1423 2349 peragrato
