1783 2802
351 217 385 250 vi
790 215 1174 251 JNTRODUCTJO.

352 314 407 354 ad
442 315 602 355 ostium
639 314 784 364 affore,
820 314 938 354 brevi
974 314 1016 354 in
1050 313 1312 366 ferruginem
1341 317 1417 352 aut
1445 310 1609 364 argillae

351 383 574 435 pulverem
597 383 852 436 dilapsuras,
873 383 1072 423 creditur.

411 463 446 492 2.
477 452 664 505 Antiqui
686 452 801 493 enim
825 451 1068 506 SapienteS,
1093 451 1165 504 qui
1188 450 1335 491 animo
1360 463 1386 490 a
1417 450 1610 503 Corpore

353 534 431 561 suo
454 528 665 574 tanquam
688 522 953 569 remotiores,
972 534 1023 560 ac
1044 521 1105 561 ita
1125 519 1246 560 Caelo
1269 519 1611 573 propinquiores,

353 596 519 629 naturae
552 589 827 630 interioribus
859 589 1151 638 enucleandis,
1173 589 1463 629 intentissime
1492 588 1611 628 incu-

352 658 551 707 buerunt,
575 658 617 698 in
639 659 920 711 praesentium
944 671 1119 698 suorum
1145 663 1393 710 temporum
1424 656 1611 697 volutio-

352 726 479 766 nibus
521 726 644 779 quasi
693 727 933 779 conspicati
982 732 1093 776 sunt,
1135 727 1253 779 quod
1301 727 1476 766 AEtates
1522 725 1610 766 suis

352 795 587 835 nobiliores
609 796 921 848 praecesserint,
944 795 981 835 &
1004 795 1121 848 quod
1150 796 1194 834 in
1221 795 1325 848 ipsis
1350 793 1611 848 primordiis,

351 863 530 915 Justitia
571 863 609 904 ἃ
653 864 832 913 puritas,
867 877 966 904 cum
1008 864 1096 904 suis
1134 864 1310 904 asseclis
1350 863 1610 912 Virtutibus,

355 932 611 985 Regnorum
635 932 766 974 Orbis
788 932 959 973 clavum
982 933 1199 983 rexerint;
1222 938 1490 985 quapropter
1516 932 1611 985 ipsa

353 1000 525 1040 illorum
567 1001 763 1041 Numina
800 1014 856 1041 ex
891 1000 1038 1040 Astris
1074 1001 1162 1041 suis
1202 1001 1245 1041 in
1285 1001 1467 1041 Terram
1505 1006 1610 1041 tunc

353 1068 544 1122 delapsa,
581 1082 680 1110 cum
719 1068 889 1110 Genere
932 1069 1143 1109 Humano
1179 1069 1342 1110 amicas
1379 1069 1611 1110 sociavisse

352 1138 475 1186 vitas,
499 1138 772 1179 tradiderunt
793 1150 802 1189 ;
834 1138 894 1178 sic
916 1143 963 1178 ut
992 1139 1135 1191 ipsum
1159 1138 1328 1180 Caelum
1351 1152 1376 1179 a
1397 1138 1611 1191 supremis

353 1206 410 1246 ad
442 1207 534 1247 haec
566 1207 653 1247 ima
684 1221 730 1248 se
761 1207 885 1260 quasi
917 1207 1150 1256 demiserit,
1175 1206 1213 1247 ἃ
1241 1207 1483 1260 superiores
1511 1220 1610 1247 suas

354 1276 526 1316 delitias
543 1277 585 1316 in
603 1275 743 1325 Aeris,
762 1281 837 1316 aut
859 1275 1026 1316 ultimae
1042 1275 1135 1328 ejus
1152 1275 1351 1328 regionis,
1370 1275 1609 1328 indigenas,

355 1344 586 1395 effuderit;
618 1345 660 1384 in
692 1344 846 1384 horum
879 1345 1065 1396 gratiam
1091 1344 1185 1384 haec
1207 1344 1428 1397 Tempora
1460 1344 1611 1385 Satur-

355 1414 457 1454 nina
478 1413 516 1453 ἃ
538 1412 687 1453 Aurea
707 1418 864 1453 vocata
883 1418 995 1452 sunt.
1058 1412 1206 1465 Ipsam
1230 1412 1362 1453 etiam
1388 1412 1610 1453 Tellurem

354 1482 657 1522 amaenissimis
679 1480 895 1521 ornabant
922 1495 980 1521 ex
1002 1494 1048 1521 se
1069 1480 1195 1521 cultis
1215 1481 1377 1522 floretis
1399 1480 1437 1521 ἃ
1459 1495 1611 1534 pome—

353 1551 420 1597 tis,
440 1550 477 1591 δι
500 1563 596 1590 eam
619 1550 864 1590 universam
888 1550 931 1589 in
950 1549 1143 1590 continui
1170 1550 1301 1590 Horti
1319 1555 1394 1591 aut
1417 1550 1610 1591 Paradisi

354 1619 544 1672 speciem
580 1632 834 1659 conversam
870 1618 1272 1671 repraesentabant3
1302 1619 1390 1658 imo
1422 1625 1612 1671 quatuor

353 1687 585 1727 Annorum
618 1687 838 1739 Tempora
868 1686 1185 1727 contrahebant
1216 1687 1258 1726 in
1290 1700 1437 1737 unum,
1461 1687 1499 1728 ἃ
1527 1687 1610 1728 hoc

354 1756 396 1795 in
419 1762 678 1808 perpetuum
705 1755 1024 1797 concludebant
1052 1756 1155 1805 Ver,
1177 1756 1294 1808 quod
1326 1769 1426 1796 suos
1457 1769 1610 1809 peren-

355 1826 465 1864 niter
498 1824 663 1865 afflaret
695 1824 922 1877 zepherS,
955 1823 993 1864 &
1030 1824 1135 1864 dum
1169 1824 1311 1877 ipsum
1346 1830 1609 1877 temperaret

353 1893 573 1943 aetherem,
607 1893 777 1933 animos
812 1894 943 1933 etiam
979 1892 1227 1932 Incolarum
1269 1893 1492 1933 blanditiis
1532 1907 1611 1946 op-

353 1961 506 2014 pleret.
567 1961 665 2001 Tali
704 1962 931 2014 proscenio
965 1960 1148 2001 Veteres
1190 1960 1325 2013 Sophi
1366 1961 1608 2002 Theatrum

354 2029 633 2083 aspectabilis
656 2031 790 2070 nostri
815 2030 945 2071 Orbis
967 2036 1254 2083 aperuerunt:
1286 2030 1435 2082 procul
1462 2031 1608 2079 dubio,

355 2099 457 2151 quia
480 2099 521 2138 in
543 2099 726 2151 singulis
748 2098 840 2151 ejus
863 2098 986 2147 ludis,
1010 2112 1084 2138 seu
1105 2098 1282 2139 foetibus
1303 2112 1353 2138 ac
1375 2098 1610 2152 productis,

353 2174 445 2207 tam
477 2167 583 2207 vivis
625 2180 758 2220 quam
794 2168 987 2216 mortuis,
1021 2167 1120 2207 talis
1157 2167 1319 2207 ordinis
1353 2181 1607 2220 expressam

354 2236 590 2288 imaginem
614 2236 899 2288 contemplati
917 2236 1100 2286 fuerint;
1123 2249 1224 2276 nam
1246 2235 1351 2276 nihil
1374 2250 1461 2276 non
1483 2250 1508 2276 a
1530 2250 1608 2276 suo

354 2318 454 2344 vere
484 2304 522 2344 &
546 2303 660 2354 flore,
685 2318 797 2357 aque
824 2306 902 2344 sua
924 2305 1108 2345 infantia
1131 2304 1168 2345 ἃ
1192 2305 1440 2344 innocentia
1465 2305 1609 2357 auspi-

353 2378 505 2423 catur,
554 2373 984 2426 Repraesentationes
1026 2374 1140 2414 enim
1185 2373 1465 2427 particulares
1506 2379 1608 2414 sunt
