1783 2760
423 180 500 214 DE
532 179 666 214 INFA
673 178 807 213 NTJA
845 179 1229 215 PRJMOGENJTJ.
1409 180 1452 222 67

197 277 271 317 illa
306 277 404 325 vita,
440 291 513 317 seu
551 291 576 317 a
611 282 795 330 reptatu,
831 277 873 316 in
904 278 1039 329 pedes
1070 277 1303 326 sustulerit,
1337 283 1452 325 tunc,

198 345 407 394 similiter,
429 346 466 385 ei
499 351 640 385 totum
675 345 867 385 Paradisi
897 345 1083 394 hortum,
1111 345 1198 385 alte
1230 359 1366 397 usque
1397 345 1454 385 ad

198 414 414 455 frondium
429 428 576 455 comas
593 414 892 467 spectandum,
906 413 943 454 ἃ
960 427 1036 466 per
1048 414 1219 466 gradus,
1230 414 1453 467 pauciores

198 483 383 533 arbores,
394 483 431 524 ἃ
446 483 623 523 tandem
639 484 972 535 unamquamvis
987 484 1181 523 studiose
1195 483 1451 522 intuendam

199 551 370 604 objecit,
395 551 433 592 &
462 551 695 604 obligavit:
728 565 778 591 ac
807 551 961 591 ultimo
994 552 1035 591 in
1069 551 1241 591 Arbore
1269 556 1452 590 suaemet

197 621 310 668 vitae,
340 621 519 673 ejusque
548 634 668 660 ramo
697 620 839 660 adhuc
868 620 1069 669 lactente,
1092 619 1266 672 figebat.
1330 619 1452 658 Post—

198 689 378 728 modum
402 688 662 728 Animantia
684 688 725 727 in
749 688 840 740 ejus
863 695 1090 741 aspectum
1120 687 1423 728 introducebat
1443 700 1450 735 ;

198 770 299 796 nam
336 757 441 797 nihil
482 771 568 797 non
608 757 937 797 obsecundabat
976 756 1154 797 Animae
1185 757 1309 804 votis,
1342 757 1452 796 sicut

198 826 393 874 decretis,
420 826 661 878 imperante
693 825 788 875 fine,
818 826 860 865 id
891 831 965 874 est,
998 825 1211 878 Suprema
1244 825 1405 873 Mente,
1431 838 1453 864 e

199 895 284 946 qua
314 895 509 934 omnium
541 893 692 934 finium
725 895 767 934 in
799 908 951 934 causas
983 894 1191 946 imperia:
1244 894 1324 934 Illa
1353 907 1451 934 cum

199 963 287 1019 suis
328 962 494 1012 catulis,
530 976 644 1002 novo
685 968 850 1002 naturae
886 963 1062 1015 impetu,
1100 976 1157 1002 ex
1193 962 1375 1002 saltibus
1414 961 1451 1002 ἃ

199 1029 344 1070 lustris
359 1031 446 1070 suis
464 1031 674 1078 condicta,
691 1030 728 1071 ἃ
744 1031 998 1071 catervatim
1014 1031 1056 1070 in
1077 1031 1220 1070 lucum
1237 1031 1452 1080 irruentia,

200 1113 245 1138 se
268 1105 423 1152 sponte
446 1099 488 1138 in
509 1105 674 1139 turmas
697 1099 734 1139 &
758 1099 960 1152 legiones,
980 1099 1219 1139 secundum
1236 1113 1396 1151 genera
1415 1098 1453 1138 δε

199 1168 376 1220 species,
390 1167 448 1207 ita
463 1168 736 1217 ordinabant,
752 1173 799 1207 ut
816 1173 1024 1220 tanquam
1044 1181 1177 1207 unum
1195 1174 1453 1215 armentum,

200 1236 241 1275 in
276 1236 368 1288 ejus
398 1237 550 1284 visum,
582 1236 809 1276 caderent:
839 1236 938 1275 dein
969 1242 1116 1275 autem
1148 1236 1379 1276 distributa
1411 1237 1453 1275 in

201 1305 376 1357 species,
401 1304 437 1344 81
460 1304 743 1357 postmodum
767 1304 1075 1353 discriminata,
1093 1304 1358 1356 singillatim,
1381 1305 1454 1343 de-

202 1374 333 1412 misso
355 1374 410 1413 ad
433 1373 614 1413 humum
643 1373 776 1422 vultu,
797 1373 973 1413 honoris
1001 1373 1182 1426 praestiti
1211 1374 1346 1425 signo,
1370 1374 1454 1412 dis-

201 1442 428 1482 cedebant.
489 1442 665 1483 Caelites
697 1443 828 1489 etiam
862 1455 938 1494 per
973 1442 1102 1481 scitas
1138 1455 1238 1481 suas
1277 1442 1455 1494 Reprae-

201 1511 479 1558 sentationes,
497 1511 552 1550 ad
571 1510 719 1550 oculos
737 1510 829 1562 ejus
848 1510 1065 1550 faciebant
1085 1511 1227 1549 enasci
1251 1509 1376 1550 flores
1398 1525 1454 1550 ex

201 1579 376 1626 semine,
404 1579 520 1631 quod
553 1585 787 1631 postquam
820 1592 920 1618 suos
948 1578 1091 1618 caules
1121 1579 1158 1619 ἃ
1186 1579 1382 1631 germina
1411 1579 1453 1618 in

201 1647 309 1687 solia
344 1647 589 1695 extruserit,
622 1647 796 1686 reclusis
834 1646 872 1686 ἃ
901 1647 1192 1686 concentratis
1224 1647 1378 1686 iterum
1410 1648 1453 1686 in

200 1729 299 1755 suas
322 1716 482 1768 primas
505 1715 724 1767 potentias
747 1716 897 1763 succis,
920 1729 1033 1754 nova
1061 1715 1227 1754 semina
1250 1716 1455 1755 exclude-

199 1784 330 1824 bant:
371 1790 529 1837 praeter
559 1783 702 1824 adhuc
734 1784 877 1835 plures
914 1783 1134 1823 fructuosa
1164 1783 1452 1835 jucunditate,

202 1852 460 1904 &jucunda
495 1852 784 1904 intelligentia
819 1852 969 1904 plenas
1005 1852 1240 1892 formarum
1275 1853 1452 1905 species,

201 1935 383 1974 quarum
404 1921 653 1974 spectaculo
676 1921 877 1960 ardentes
899 1920 1021 1969 oculi,
1043 1921 1115 1961 illa
1137 1928 1184 1961 ut
1207 1935 1319 1961 nova
1339 1923 1454 1961 visus

201 1990 386 2043 objecta,
405 2004 482 2042 per
502 1990 643 2038 fibraS,
666 2003 802 2043 usque
826 1990 867 2029 in
890 1990 1130 2042 penetralia
1153 1990 1307 2030 futurae
1331 1991 1455 2030 Men-

201 2059 267 2108 tis,
291 2058 660 2099 transmittebant.

258 2136 324 2177 47.
355 2127 522 2167 Anima
549 2127 604 2167 ab
632 2127 777 2179 adytis
806 2140 880 2166 seu
910 2127 1068 2166 centris
1096 2127 1159 2166 sui
1191 2125 1383 2179 Olympi,
1408 2133 1454 2166 ut

197 2195 360 2248 jugiter
392 2196 598 2248 speciosis
634 2196 717 2235 illis
748 2195 908 2243 formis,
940 2209 1049 2247 quae,
1082 2196 1193 2235 sicut
1225 2197 1323 2235 novi
1356 2195 1454 2235 hos-

202 2265 325 2316 pites,
361 2278 406 2304 se
447 2278 524 2316 per
559 2263 670 2304 fores
707 2263 744 2303 ἃ
781 2277 974 2303 cameras
1010 2264 1127 2303 visus
1163 2263 1454 2311 insinuabant,

205 2332 377 2372 obviam
427 2333 516 2380 iret,
560 2332 957 2385 splendidissimam
1007 2345 1129 2372 suam
1180 2331 1330 2379 lucem,
1378 2345 1456 2384 per
