1835 2672
340 118 402 152 116
533 117 719 153 CAPUT
747 117 1067 162 SECUNDUM,
1100 117 1296 153 SECTIO
1326 118 1399 152 III.

335 218 409 270 qui
437 217 661 270 pulverem
693 216 731 257 ἃ
761 216 914 256 limum
945 215 1068 256 illum
1099 216 1320 269 reciperet,
1343 216 1455 257 foret
1483 214 1600 265 Aer;

335 285 430 338 ipsa
452 286 585 326 etiarn
609 284 758 325 Tellus
782 284 820 325 &
842 284 935 337 ejus
956 285 1111 333 orbita,
1134 285 1319 325 nesciret
1346 297 1472 325 suum
1502 297 1601 325 cen-

335 360 463 403 trum,
503 354 541 395 &
578 367 678 394 suas
714 353 1010 407 peripherias:
1065 353 1212 406 Hujus
1249 353 1325 394 fati
1361 353 1601 406 specimina

335 422 609 476 temporibus
631 436 721 462 suae
744 422 885 462 noctis
908 421 946 462 &
967 421 1139 474 hyemis
1168 422 1210 462 in
1239 422 1408 462 animos
1431 428 1602 463 nostros

337 498 537 540 revocat;
570 496 701 531 noctu
730 491 845 531 enim
878 491 1027 531 omnia
1059 491 1102 530 in
1135 491 1348 540 umbram,
1370 490 1408 531 &
1439 490 1600 544 hyeme

337 562 379 600 in
411 560 545 613 frigus
575 559 667 612 ejus
704 558 895 599 cadunt:
927 559 1003 599 sed
1041 560 1296 610 redeamus;
1326 559 1420 600 haec
1453 560 1602 600 omnia

338 630 654 676 demonstrant,
679 629 797 681 quod
821 627 926 668 nihil
950 629 993 668 in
1016 627 1099 668 hoc
1121 629 1301 677 mundo,
1326 642 1413 669 non
1435 643 1460 669 a
1489 628 1604 676 Sole,
1645 616 1648 619 Δ

340 705 387 738 ut
415 713 439 738 a
474 699 672 745 Parente,
696 697 842 737 trahat
869 711 990 737 suam
1025 703 1254 738 naturam:
1285 698 1320 738 si
1349 698 1509 738 Parens
1537 698 1605 747 sit,

339 768 542 820 sequitur,
562 767 678 819 quod
698 766 840 806 foetus
864 765 969 818 erS‚
986 773 1061 806 aut
1084 767 1311 819 producta,
1335 780 1435 807 eum
1455 766 1604 819 aliquo

340 843 450 889 typo
486 835 676 876 referant
695 849 703 875 z
740 835 821 887 ipsi
859 834 952 887 ejus
990 835 1110 883 radii,
1148 835 1306 887 quibus
1342 836 1606 888 stringimur,

341 912 441 945 sunt
464 905 649 945 totidem
675 904 712 944 &
734 904 931 944 continui
953 904 1078 956 quasi
1100 904 1214 944 soles
1228 903 1284 957 (b)
1305 918 1314 955 ;
1345 904 1380 944 si
1411 918 1485 944 eos
1506 917 1607 944 con-

391 1012 436 1054 (b)
466 1011 576 1055 Quod
594 1010 687 1044 radii
714 1010 786 1044 sint
812 1010 968 1044 totidem
995 1009 1176 1054 imagines
1203 1010 1302 1054 solis,
1320 1021 1395 1044 non
1419 1010 1533 1045 modo
1558 1011 1606 1045 ab

341 1068 485 1109 effectu,
517 1066 583 1100 sed
615 1066 729 1100 etiam
757 1076 780 1099 a
809 1065 953 1099 caeteris
983 1065 1255 1109 Phaenomenis,
1285 1076 1368 1110 quae
1395 1075 1542 1110 quoque
1570 1065 1608 1099 in

341 1125 460 1158 visum
488 1130 655 1157 nostrum
682 1121 862 1164 incidunt,
887 1121 1027 1166 liquet;
1062 1121 1229 1155 omniurn
1255 1121 1354 1156 enim
1379 1121 1609 1166 objectorum

343 1179 523 1223 imagines
543 1189 628 1212 cum
647 1177 722 1211 suis
749 1176 888 1219 formis,
907 1188 973 1221 per
998 1176 1122 1211 radios
1149 1176 1227 1221 ejus
1252 1177 1401 1210 luminis
1427 1176 1464 1210 in
1489 1176 1610 1210 visum

343 1242 510 1268 nostrum
536 1233 748 1275 illabuntur,
771 1243 834 1266 seu
861 1231 893 1265 ei
921 1232 1195 1275 continuantur,
1213 1232 1368 1276 proinde
1394 1232 1506 1266 etiam
1531 1231 1610 1276 ipse

346 1290 419 1331 Sol,
441 1301 485 1324 ex
511 1300 595 1334 quo,
618 1295 656 1322 ut
682 1299 725 1322 ex
751 1299 817 1321 suo
844 1287 958 1330 fonte,
981 1287 1075 1321 radii
1101 1287 1161 1321 isti
1188 1287 1416 1322 scaturiunt:
1444 1287 1510 1322 sed
1535 1287 1611 1322 noli

344 1345 504 1386 credere,
523 1344 623 1389 quod
642 1355 716 1377 non
734 1343 828 1376 radii
848 1343 921 1376 sint
939 1342 1055 1377 reales
1078 1343 1386 1386 continuationes,
1405 1354 1469 1377 seu
1487 1354 1611 1377 essen-

345 1401 450 1435 tiales
485 1399 835 1433 determinationes:
875 1397 974 1442 quod
1004 1409 1069 1442 per
1099 1398 1208 1432 inane
1239 1409 1302 1432 seu
1333 1409 1491 1432 vacuum
1520 1398 1610 1432 nihil

346 1455 551 1491 continuari
581 1461 702 1499 queat,
733 1454 812 1498 ipse
842 1464 973 1487 sensus
1007 1454 1214 1487 communis
1248 1453 1386 1488 dictat:
1428 1454 1494 1488 sed
1527 1461 1611 1488 sunt

346 1511 595 1556 exiguissimae
613 1517 676 1544 aut
699 1509 907 1554 purissimae
932 1508 1072 1550 formae,
1092 1520 1175 1554 quae
1199 1509 1406 1543 activitates
1430 1520 1494 1544 seu
1516 1509 1612 1545 vires

349 1568 444 1603 Solis
461 1566 601 1600 activas
621 1565 809 1599 discretim
824 1564 1020 1608 recipiunt,
1034 1564 1066 1597 δε
1080 1575 1196 1609 usque
1211 1564 1259 1598 ad
1272 1564 1420 1598 ultimos
1438 1565 1613 1599 Universi

347 1623 524 1658 terminos
536 1621 714 1655 deferunt.
754 1621 825 1654 Hae
841 1619 1009 1653 formulae
1024 1631 1088 1654 seu
1103 1619 1331 1663 substantiae,
1347 1620 1455 1654 simul
1469 1627 1612 1663 suintae‚

348 1677 576 1713 constituunt
589 1676 727 1709 Auram
743 1675 855 1716 illam,
869 1685 952 1719 quae
967 1674 1101 1708 dicitur
1114 1675 1265 1716 AEther;
1285 1675 1317 1709 Sc
1329 1686 1372 1709 ex
1383 1676 1613 1710 elasticitatis

350 1745 426 1767 suae
457 1731 726 1777 perfectissima
753 1730 884 1764 virtute
911 1730 948 1764 id
974 1731 1134 1774 trahunt,
1161 1731 1261 1776 quod
1287 1742 1370 1765 cum
1395 1731 1526 1766 vicinis
1552 1739 1614 1766 aut

350 1788 533 1832 contiguis
559 1786 836 1821 communicent
861 1796 1122 1831 quamcunque
1146 1786 1222 1819 vim
1247 1786 1438 1831 recipiunt,
1456 1786 1550 1822 adeo
1575 1794 1615 1822 ut

351 1843 441 1877 nihil
459 1848 653 1886 acceptum
667 1841 823 1885 perdant
838 1853 845 1881 ;
872 1852 917 1874 ea
930 1841 1029 1874 enim
1044 1848 1098 1875 est
1114 1852 1213 1885 purae
1228 1841 1457 1876 elasticitatis
1472 1849 1613 1876 natura.

354 1900 426 1933 Hae
450 1898 634 1942 potentiae,
653 1897 740 1941 quia
764 1896 810 1930 ab
834 1896 948 1940 ipsius
976 1896 1072 1931 Solis
1096 1896 1324 1940 substantiis,
1342 1909 1425 1942 quae
1448 1897 1548 1942 quod
1571 1909 1615 1932 ex

352 1965 489 1997 magno
518 1953 596 1997 ejus
629 1953 782 1986 Oceano
807 1952 988 1986 exhalatae
1014 1952 1157 1996 fuerint,
1184 1964 1294 1997 supra
1320 1953 1523 1987 indicatum
1549 1960 1616 1994 est,

353 2015 500 2050 exortae,
515 2019 589 2042 non
605 2014 760 2052 possunt
773 2019 847 2041 non
862 2019 1010 2052 prorsus
1029 2007 1077 2041 ad
1095 2007 1173 2052 ejus
1191 2007 1390 2042 activitatis
1404 2008 1535 2042 modos
1554 2014 1617 2042 aut

355 2065 526 2106 rationes,
561 2074 670 2107 agere
704 2063 792 2096 dum
829 2069 1011 2106 aguntur3
1053 2074 1166 2108 quare
1200 2069 1285 2097 sunt
1317 2063 1428 2097 veluti
1462 2063 1617 2097 minima

355 2119 516 2164 specula,
536 2118 568 2152 δε
586 2118 684 2152 velut
708 2118 950 2162 receptacula,
969 2118 1048 2162 ejus
1072 2118 1214 2162 virium,
1233 2129 1317 2152 cum
1339 2125 1534 2152 actuantur
1550 2131 1558 2159 ;
1584 2118 1617 2152 δι

355 2179 407 2213 sic
431 2188 516 2212 eum
538 2176 575 2209 in
602 2187 651 2218 se,
671 2175 759 2209 dum
785 2176 821 2209 in
849 2176 924 2209 suis
950 2176 1087 2219 formis,
1106 2188 1179 2210 non
1206 2176 1318 2210 modo
1344 2176 1534 2221 recipiunt,
1553 2176 1619 2211 sed

355 2234 480 2275 etiam,
495 2231 763 2277 propemodum
780 2232 922 2276 absque
940 2231 1024 2265 idea
1042 2232 1150 2276 spatii
1170 2232 1202 2265 &
1220 2232 1408 2276 temporis,
1426 2232 1474 2265 ad
1493 2232 1618 2266 oculos

357 2295 503 2323 nostros
522 2286 699 2321 deferunt.
753 2286 835 2320 Nisi
855 2286 953 2321 enim
973 2287 1134 2322 actuales
1154 2287 1372 2321 substantiae
1393 2286 1526 2330 forent,
1544 2298 1619 2322 non
