1835 2672
372 125 419 168 76
579 126 763 161 CAPUT
791 127 1111 172 SECUNDUM,
1148 127 1343 164 SECTIO
1375 128 1427 164 II.

373 224 417 263 in
440 237 539 264 eum
562 224 759 264 ordinem
782 225 1016 278 dispositis,
1041 233 1087 266 ut
1116 225 1210 266 haec
1239 225 1518 279 peripherias,
1542 224 1637 266 haec

375 305 494 339 axes,
512 293 550 333 ἃ
572 293 666 334 haec
688 294 1138 348 diamet1·OS‚junctim
1162 296 1376 348 effigient3
1406 295 1570 336 scilicet
1590 302 1638 336 ut

374 362 533 412 omnia,
573 363 684 403 sicut
735 377 854 404 mera
898 364 1152 417 aequilibria,
1193 365 1248 404 ad
1290 365 1453 417 placita
1493 371 1637 405 vestra

375 431 691 472 secundissimo
740 445 859 472 more
908 432 1056 482 fluant,
1101 433 1138 473 ἃ
1181 433 1300 473 nulla
1341 434 1636 486 potentiarum

376 498 607 540 Voluntati
622 507 787 550 vestrae,
798 500 864 541 vel
880 501 1062 542 minimo
1080 515 1197 552 ausu,
1209 502 1347 542 hiscat
1362 501 1635 554 resistere(k).

377 635 523 669 stantiae
534 635 569 669 vi
582 636 722 670 inertiae
734 636 910 681 praeditae,
923 647 1005 682 quae
1017 636 1064 670 ad
1080 637 1261 681 puriorem
1275 643 1415 671 tactum
1428 636 1464 670 in
1478 636 1639 680 Organis

376 691 532 726 olfactus
551 692 583 726 ἅ*
601 699 729 735 gustus
747 692 970 737 pertingunt.
1001 693 1064 726 IV.
1084 693 1350 737 Atmosphaerae
1364 693 1473 727 etiam
1490 704 1640 727 suorum

377 753 538 780 statuum
556 748 792 790 mutationes,
807 748 913 781 sicuti
930 748 1091 791 Calores,
1105 749 1268 792 Frigora,
1281 749 1493 792 Temperies
1508 748 1639 792 siccas,

375 802 559 845 humidas,
590 803 715 836 Motus
745 803 941 836 voluminis
972 803 1143 847 partium,
1169 804 1437 848 Tempestates,
1464 804 1496 837 δι
1521 804 1638 848 plura,

376 857 571 891 nobiscum
591 858 875 892 communicant.
913 859 994 892 Nos
1012 859 1176 892 vicissim
1190 860 1305 893 nostri
1322 859 1494 904 Corporis
1509 866 1639 902 statuS,

378 913 410 947 &
436 914 484 947 ab
510 914 647 948 intimis
674 914 826 949 fluentes
852 915 1087 957 mutationes,
1109 922 1233 958 aestus,
1250 915 1413 959 hyemes,
1431 915 1639 959 temperies,

378 968 410 1002 ἃ
437 970 580 1003 animos
607 970 705 1004 varie
731 969 894 1012 affectos,
921 970 973 1004 eis
1001 970 1234 1014 opponimus,
1255 981 1301 1004 ne
1326 970 1390 1014 illi,
1408 970 1639 1004 clandestino

377 1024 538 1068 introitu,
565 1025 673 1059 altius
704 1032 905 1070 penetrent,
932 1037 1044 1070 quam
1075 1037 1241 1070 quosque
1267 1032 1398 1060 natura
1424 1032 1551 1060 nostra
1574 1037 1640 1070 po-

376 1086 548 1114 testatem
569 1081 667 1124 facit,
685 1088 723 1115 ut
749 1081 797 1115 ab
823 1081 875 1115 eis
901 1081 1115 1115 afficiamur.
1166 1083 1208 1116 V.
1235 1082 1508 1126 Atmosphaerae
1526 1082 1639 1115 etiam

378 1136 606 1180 Sanguinem
625 1137 657 1170 ἅ
678 1137 854 1182 Spiritum
872 1144 1048 1180 nostrum,
1068 1137 1273 1172 Elementis
1292 1148 1335 1171 ex
1353 1137 1470 1171 salina
1488 1137 1642 1171 matrice

378 1191 596 1234 sublimatis,
628 1192 660 1226 ἅ
690 1192 742 1226 sic
772 1192 936 1236 occultis,
967 1192 1192 1237 cumprimis,
1224 1204 1288 1237 per
1314 1193 1508 1227 Ambitum
1539 1192 1640 1226 Cuti-

377 1247 550 1290 cularem,
565 1248 597 1281 ὃς
615 1248 808 1282 Vesiculas
829 1249 1080 1291 Pulmonares,
1096 1248 1291 1282 insinuatis
1305 1248 1501 1291 alimentis,
1516 1248 1639 1290 nutrit,

378 1302 504 1346 reficit,
524 1303 706 1347 &jugiter
724 1310 845 1338 novat.
893 1303 1070 1337 Similiter
1087 1303 1198 1337 etiam
1216 1304 1342 1337 Tellus
1360 1315 1403 1338 ex
1421 1303 1554 1348 triplici
1573 1315 1640 1338 suo

379 1357 522 1401 Regno,
540 1359 605 1392 sed
622 1370 688 1403 per
708 1366 835 1403 aperta
858 1359 1007 1401 orificia,
1026 1359 1059 1392 &
1082 1359 1202 1402 tubos,
1221 1359 1258 1392 in
1282 1359 1435 1393 Viscera
1458 1359 1640 1404 chylopea

378 1413 410 1447 ἃ
426 1414 684 1457 sanguigenea.
723 1415 803 1448 Nos
819 1414 994 1457 vicissim,
1007 1414 1064 1447 his
1078 1413 1254 1458 porrectis
1270 1414 1477 1448 &invitatis
1490 1415 1638 1448 cibariis

378 1469 410 1502 δε
429 1469 535 1502 donis
553 1468 662 1512 fruiti,
681 1469 858 1512 obsoleta,
873 1480 1023 1503 munere
1042 1480 1107 1503 suo
1125 1469 1310 1512 defuncta,
1329 1469 1466 1514 inepta,
1481 1480 1639 1514 quaeque

376 1525 582 1570 polluerent
600 1525 773 1569 hospitia,
787 1536 851 1569 per
867 1536 978 1569 poros
997 1525 1034 1558 in
1052 1525 1210 1558 universi
1230 1536 1403 1569 campum
1421 1525 1637 1569 disjicimus‚

375 1587 415 1615 ut
445 1581 477 1615 &
507 1592 573 1625 per
601 1581 674 1614 alvi
704 1581 797 1615 fores
827 1592 1080 1615 exoneramus.
1141 1581 1207 1614 VI.
1237 1581 1328 1614 Obis
1358 1586 1574 1624 terraqueus
1605 1581 1637 1615 Sc

376 1636 694 1680 atmosphaericus,
712 1637 809 1670 hunc
836 1636 1019 1669 Mundum
1044 1637 1270 1680 Corporeum
1292 1647 1335 1670 ex
1352 1636 1544 1671 elementis
1563 1637 1638 1670 suis

377 1692 586 1733 enutritum,
617 1692 649 1726 ἃ
684 1692 893 1736 conflatum,
920 1691 999 1736 jam
1029 1691 1104 1725 vita
1134 1692 1201 1725 sua
1234 1691 1411 1734 functum,
1441 1692 1570 1726 ultimo
1600 1693 1638 1726 in

376 1747 498 1780 sinum
524 1758 629 1780 suum
656 1747 795 1791 recipit,
822 1747 971 1781 tumulis
1000 1746 1179 1789 recondit,
1206 1747 1238 1780 &
1263 1748 1312 1780 ab
1341 1758 1384 1781 eo
1413 1753 1541 1781 mutua
1571 1758 1638 1781 sua

376 1803 548 1847 reposcit,
566 1814 610 1837 ac
629 1803 760 1837 iterum
779 1803 966 1847 dispergit.
1016 1803 1153 1836 Anima
1176 1814 1273 1846 vero,
1292 1802 1324 1836 &
1343 1814 1514 1848 suprema
1532 1803 1636 1837 istius

379 1858 552 1902 Corporis
582 1859 702 1901 Mens,
726 1870 800 1892 non
826 1858 957 1903 pulvis,
978 1858 1044 1893 sed
1069 1869 1154 1903 pars
1181 1858 1338 1892 caelestis
1363 1865 1515 1901 naturae,
1534 1858 1636 1903 cujus

376 1914 490 1948 vitam
511 1915 717 1958 Corporeus
735 1915 795 1948 ille
813 1915 911 1948 orbis
929 1914 1029 1958 vixit,
1048 1914 1209 1959 hospitio
1227 1926 1293 1948 suo
1311 1920 1428 1957 exuta,
1444 1915 1638 1948 Macroco-

376 1981 457 2004 smo
475 1970 562 2003 olim
581 1981 648 2003 suo
665 1970 888 2013 valedicens,
903 1970 940 2003 in
957 1969 1181 2014 superiorem
1200 1981 1304 2003 suam
1323 1970 1518 2014 sphaeram,
1533 1970 1636 2014 cujus

375 2025 498 2059 incola
516 2025 573 2068 sit,
592 2037 631 2059 se
649 2025 795 2070 penitus
813 2025 952 2070 recipit.
1006 2026 1061 2059 Ex
1079 2025 1135 2059 his
1153 2031 1317 2070 apparet,
1336 2025 1424 2070 quid
1445 2036 1467 2059 a
1491 2026 1637 2059 Mundo

375 2081 574 2124 ambiente,
600 2081 632 2115 &
657 2081 746 2125 quid
772 2092 793 2114 a
819 2081 926 2115 nobis
953 2080 1041 2125 ipsis
1068 2080 1247 2124 ducimus,
1273 2080 1425 2123 scilicet,
1452 2081 1551 2125 quod
1577 2081 1637 2116 ille

376 2137 488 2171 modo
522 2137 636 2171 nostri
673 2137 845 2181 Corporis
880 2137 1027 2170 ordines
1062 2137 1094 2170 <Sc
1128 2142 1245 2170 status
1279 2136 1466 2169 communi
1500 2136 1636 2171 auxilio

377 2201 566 2237 sustentet,
581 2195 613 2229 δε
626 2195 841 2230 facultatem
855 2195 926 2238 det,
939 2201 977 2228 ut
996 2206 1063 2229 nos
1082 2194 1238 2239 propriis
1255 2193 1428 2238 potentiis
1447 2194 1480 2228 δε
1497 2195 1635 2230 naturis

376 2250 510 2296 perfrui
530 2261 718 2295 queamus.

425 2306 474 2350 (k)
498 2305 606 2350 Quod
625 2317 667 2340 ex
685 2306 795 2340 meris
817 2305 960 2341 Centris
975 2305 1165 2349 consistat,
1177 2304 1294 2349 primo
1309 2304 1440 2340 intuitu
1458 2315 1635 2350 apparere
