1783 2760
404 215 480 250 DE
515 214 773 259 CONJUGJO
801 215 1184 252 PRIMOGENJTJ.
1374 227 1393 251 2
1398 225 1415 261 5

177 311 356 365 Spiralis
378 312 503 361 dicta,
526 325 603 365 per
621 312 904 352 variationem
934 326 1126 355 nexuum
1158 314 1420 368 situumque,

173 394 349 421 omnem
380 381 541 421 laetitiae
573 386 659 420 tuae
691 380 732 420 in
762 380 1033 433 voluptatem
1066 383 1294 435 explicatae
1322 397 1420 436 pro-

174 450 451 502 gressionem,
470 449 512 488 in
533 447 664 501 plano
685 448 780 498 isto,
798 450 1028 501 conspicue
1049 451 1249 500 delineat,
1267 451 1305 491 &
1322 465 1419 491 eam

174 517 302 557 simul
331 517 523 568 explicat
554 516 597 555 in
629 517 772 557 risum.
833 517 981 557 Tertia
1011 531 1113 558 vero
1145 519 1315 567 Forma,
1339 519 1421 560 Su-

172 599 321 638 prema
362 583 583 624 Naturalis
621 598 694 624 seu
736 583 1032 625 infracaelestis
1066 592 1235 635 vocata,
1266 587 1419 627 Animi

173 653 351 705 ejusque
370 653 596 705 geniorum
619 652 802 706 propria,
826 666 924 705 quae
952 653 1204 694 immediate
1235 654 1421 707 imperat

173 775 332 809 Musculi
351 781 536 819 vocantur,
557 776 773 810 Elevatores
792 776 897 810 Labii
915 776 1120 821 superioris,
1134 776 1243 821 vulgo
1260 777 1420 822 Risores,

172 830 351 873 Incisorii‚
366 831 507 873 Canini,
526 831 793 875 Zygomaticus,
814 831 1065 875 Myrtiformis,
1079 832 1141 876 qui
1162 834 1264 866 Naso
1283 833 1418 867 adscri-

170 886 276 929 bitur,
295 892 372 920 tum
390 886 502 920 etiam
526 886 758 929 Buccinator,
778 886 810 920 &
835 897 941 930 porro
969 887 1283 922 Semiorbicularis
1311 889 1420 922 Labri

171 940 376 984 superioris.
432 941 568 984 Tertia,
587 952 609 974 a
628 941 923 975 Serniorbiculari
946 941 1049 975 Labii
1073 942 1251 976 inferioris
1276 943 1420 977 initium

171 996 280 1041 capit,
298 996 356 1029 cui
373 996 819 1039 accedunt-Triangularis
838 997 870 1030 ἃ
890 996 1099 1040 Quadratus
1118 1009 1124 1031 :
1149 1004 1188 1031 ut
1205 1004 1420 1041 praeteream

173 1051 362 1084 Musculos
395 1050 554 1084 minores
584 1062 607 1084 a
640 1051 750 1084 variis
785 1051 962 1093 detectos,
991 1062 1033 1085 ac
1063 1051 1124 1096 qui
1154 1052 1271 1086 indies
1299 1053 1418 1097 detegi

169 1112 317 1149 queunt,
344 1111 522 1150 quatenus
549 1106 657 1139 unius
690 1106 849 1140 hominis
879 1106 990 1140 facies
1024 1118 1206 1151 nusquam
1240 1108 1419 1142 similibus

170 1160 252 1203 situ,
270 1160 533 1204 magnitudine,
552 1160 766 1204 quantitate,
784 1161 995 1205 directione,
1021 1173 1064 1196 ac
1090 1162 1250 1205 alterius,
1271 1163 1418 1207 gaudet,

169 1226 213 1249 ex
231 1215 382 1259 ratione,
401 1216 485 1260 quia
502 1222 555 1250 tot
579 1215 708 1249 Vultus
735 1222 827 1259 sunt,
847 1222 935 1260 quot
960 1216 1097 1260 Animi,
1116 1217 1148 1251 δε
1174 1218 1299 1251 Animi
1330 1225 1418 1263 quot

172 1270 314 1315 Capita,
332 1281 394 1304 seu
416 1270 605 1304 Homines.
650 1271 757 1314 Quod
774 1276 846 1305 tres
863 1271 1044 1315 Regiones
1060 1272 1142 1315 sint,
1155 1272 1240 1307 inde
1255 1280 1417 1317 apparet,

171 1325 270 1370 quod
290 1325 446 1359 Musculi
463 1325 570 1359 unius
588 1325 745 1369 regionis
763 1326 960 1370 separatim
978 1327 1118 1371 absque
1138 1328 1314 1362 Musculis
1331 1329 1419 1363 alte-

169 1381 243 1414 rius
260 1380 297 1414 in
315 1387 455 1414 motum
472 1380 633 1424 excitari,
653 1392 716 1414 seu
733 1381 898 1415 contrahi
922 1381 954 1415 Sc
976 1382 1134 1425 expandi
1160 1389 1306 1426 queant,
1326 1384 1418 1418 sicut

169 1435 358 1470 evidenter
375 1435 411 1468 in
430 1435 577 1479 speculo
602 1446 725 1469 coram
751 1436 831 1480 ipso
856 1436 947 1479 visu,
965 1436 1129 1480 experiri,
1149 1437 1181 1470 Sc
1206 1438 1257 1471 sic
1284 1449 1417 1481 cogno-

170 1501 271 1525 scere
287 1490 382 1524 licet.
434 1490 593 1523 Musculi
614 1490 745 1524 Primae
765 1490 939 1534 Regionis
958 1498 1042 1526 sunt
1060 1503 1285 1534 communes,
1297 1494 1417 1527 minus

170 1556 393 1588 communes,
411 1545 659 1589 particulares,
678 1545 710 1578 ἃ
727 1545 1051 1589 particularissimi,
1070 1546 1118 1579 ad
1142 1558 1249 1580 usum
1269 1558 1417 1591 prorsus

169 1600 347 1645 dispositi,
366 1600 567 1634 secundum
592 1600 735 1643 regulas
764 1600 953 1634 Doctrinae
980 1601 1142 1645 Ordinis,
1165 1603 1365 1646 Graduum,
1384 1603 1417 1637 Sc

170 1655 363 1690 Societatis
383 1667 389 1690 :
413 1666 538 1689 eorum
556 1655 655 1689 enim
668 1655 958 1689 communissimi
976 1662 1061 1690 sunt
1079 1657 1280 1700 Frontales,
1295 1658 1416 1691 minus

169 1721 381 1745 communes
409 1716 492 1744 sunt
522 1710 782 1753 Corrugatores
814 1711 1101 1754 superciliorum,
1130 1712 1167 1745 hi
1195 1723 1217 1745 a
1245 1713 1415 1747 Musculo

171 1765 264 1799 Nasi
284 1764 504 1808 Pyramidali
523 1764 687 1798 oriuntur
703 1775 709 1797 :
729 1764 781 1798 sic
799 1771 837 1798 ut
855 1771 927 1798 tres
945 1765 1004 1798 isti
1024 1766 1182 1799 Musculi
1194 1769 1415 1801 communis-

169 1820 262 1854 simo
281 1819 442 1853 Frontali
461 1818 687 1853 subordinati
706 1818 789 1861 sint,
808 1830 890 1852 cum
908 1830 980 1863 quo
997 1819 1109 1854 etiam
1126 1832 1190 1864 per
1203 1821 1313 1855 fibras
1328 1834 1414 1856 con-

168 1875 250 1909 nexi
284 1874 556 1908 communicant
576 1885 582 1907 :
623 1874 925 1917 Corrugatoribus
959 1875 1232 1918 superciliorum
1261 1877 1414 1922 subjecti

169 1936 252 1964 sunt
283 1929 515 1963 Orbiculares
546 1939 608 1962 seu
641 1928 963 1962 Semiorbiculares
993 1929 1248 1974 palpebrarum
1279 1933 1414 1976 superi-

169 1996 299 2026 orum3
323 1985 380 2018 his
404 1990 526 2017 autem
553 1983 706 2027 subjecti
737 1989 798 2017 aut
827 1983 1053 2018 subordinati
1082 1991 1167 2019 sunt
1197 1986 1413 2022 Elevatores

169 2040 424 2084 palpebrarum
454 2039 680 2083 superiorum
696 2052 704 2080 ;
739 2038 777 2071 hi
810 2049 938 2072 omnes
968 2039 1125 2073 Musculi
1153 2041 1200 2074 ad
1227 2047 1413 2076 externam

169 2106 277 2139 opem
294 2095 484 2129 ferendam
504 2094 639 2136 Oculis,
654 2104 697 2127 ac
715 2093 766 2127 ita
783 2093 875 2126 visui
892 2093 1154 2138 famulandum,
1166 2096 1414 2141 principaliter

169 2149 280 2182 dicati
298 2155 390 2191 sunt,
409 2159 496 2182 nam
513 2148 634 2182 cuncti
652 2158 777 2181 versus
803 2147 1022 2191 Palpebram
1048 2150 1270 2193 superiorem
1296 2152 1411 2186 deter-

169 2203 363 2237 minantur.
414 2202 521 2247 Quod
552 2202 711 2235 Musculi
740 2201 872 2235 mediae
907 2202 1081 2246 Regionis
1115 2205 1336 2248 conspirent,
1364 2206 1412 2239 ad

168 2268 275 2292 usum
299 2257 486 2291 ferendum
514 2257 702 2301 Palpebrae
728 2256 897 2299 inferiori,
916 2256 947 2290 ἃ
968 2257 1074 2291 simul
1092 2259 1206 2292 Labio
1225 2260 1411 2304 superiori,

169 2312 322 2357 quisque
348 2323 412 2356 per
440 2312 555 2345 solam
582 2311 842 2355 experientiam
865 2310 902 2344 in
926 2312 1083 2356 speculo,
1102 2313 1134 2347 δε
1152 2313 1204 2348 sic
1223 2314 1301 2358 ipso
1320 2315 1410 2358 visu,

168 2377 233 2411 per
249 2372 372 2400 actum
388 2365 520 2410 vivum,
539 2365 778 2410 contemplari
793 2371 922 2410 potest.
