1783 2760
434 182 510 216 DE
550 181 768 216 VIVARIO
801 180 1073 215 PARADJSJ.
1338 187 1380 222 33

131 294 154 319 e
177 279 300 319 novis
322 279 479 329 usibus,
495 278 532 319 δι
554 278 681 319 simul
699 278 1026 325 decoramentis,
1043 277 1097 317 ad
1116 275 1379 329 superiorem

132 347 274 388 adhuc
309 348 597 401 splendorem,
636 348 677 387 in
714 348 800 387 suis
838 347 1038 394 minimis,
1077 351 1250 385 evectus
1287 350 1381 393 est3

132 429 234 456 nam
264 417 586 469 unumquodvis
607 415 758 455 folium
780 429 906 455 suum
934 413 1137 468 portabat
1162 413 1320 461 vivum,
1344 411 1380 451 ἃ

133 485 430 537 unusquisque
470 484 550 524 flos
591 498 647 524 ex
689 483 855 536 fulgore
895 483 986 535 ejus
1027 482 1191 530 coloris,
1230 495 1255 521 a
1295 481 1383 520 vita

133 559 300 593 naturae
319 553 470 605 juncta
492 552 660 601 elevati,
684 552 951 592 coruscabat.

191 620 256 661 26.
290 621 401 662 Cum
429 621 521 672 jam
555 621 733 660 violaria
768 619 805 660 δε
838 625 1061 659 nemoreta
1094 616 1286 658 Paradisi
1319 615 1384 655 his

133 689 256 728 novis
285 689 385 728 vitae
418 688 652 742 spiraculiS,
683 688 964 735 luxuriarent,
988 694 1092 728 tunc
1122 686 1258 727 altera
1288 698 1385 737 pro-

132 770 248 810 pago
291 757 493 810 Regnum
533 757 741 797 Animale
781 757 1044 796 adornatura
1079 770 1135 796 ex
1173 753 1386 795 similibus

133 825 390 865 rudimentis
414 825 451 865 ἃ
475 825 726 866 matricibus
754 825 796 864 in
823 838 949 864 suum
979 825 1095 864 diem
1123 823 1296 877 prodire
1326 822 1386 861 in-

133 894 333 947 cipiebat,
366 894 529 934 scilicet
566 894 713 935 Genus
745 893 987 946 Aligerum,
1020 894 1175 933 natura
1209 892 1385 945 quidem

133 963 262 1015 prius,
287 962 388 1014 quia
416 961 615 1011 nobilius,
636 962 712 1002 sed
742 968 836 1002 ortu
866 962 1088 1014 posterius,
1109 974 1242 1014 quam
1270 960 1387 1001 vola-

133 1023 314 1070 tilisilla
338 1030 375 1070 ἃ
399 1030 464 1070 bis
490 1036 592 1070 nata
614 1031 853 1083 progenies.
910 1029 1092 1081 Aligero
1121 1030 1190 1069 isti
1218 1029 1387 1075 Generi,

135 1099 262 1151 primi
286 1099 485 1146 Arbutei,
508 1113 583 1139 seu
612 1099 743 1138 medii
767 1099 910 1145 Veris,
934 1098 1077 1146 foetus,
1101 1098 1326 1137 frondibus
1350 1097 1387 1137 &

134 1168 273 1207 succis
308 1167 577 1220 praegravidi,
611 1166 778 1206 natales
810 1180 910 1206 suos
941 1165 1133 1213 dabant;
1165 1166 1238 1218 qui
1270 1172 1388 1218 post-

136 1249 269 1288 quam
310 1250 399 1275 suae
436 1235 621 1288 propriae
657 1235 801 1287 stirpis
837 1235 1003 1274 semina
1040 1234 1314 1283 excluserint,
1352 1233 1389 1274 ἃ

137 1304 312 1344 sibimet
360 1317 482 1356 spem
533 1303 831 1343 diuturnitatis
880 1304 1152 1352 asseruerint,
1193 1304 1311 1343 sinus
1353 1303 1389 1343 &

138 1371 267 1412 fibras
289 1372 430 1412 adhuc
453 1373 677 1412 interiores
700 1372 960 1421 reserabant,
984 1371 1021 1411 ἃ
1047 1372 1126 1411 hos
1146 1385 1247 1411 suos
1271 1372 1391 1412 nobi-

137 1440 266 1480 liores
298 1440 530 1481 extrudere
562 1440 725 1480 fructus
755 1446 989 1493 caeperunt,
1017 1441 1190 1489 scilicet,
1218 1442 1391 1493 partim,

138 1500 266 1549 ovula
287 1523 385 1548 cum
409 1510 495 1549 suis
515 1509 685 1558 vitellis,
711 1509 748 1549 ἃ
781 1522 905 1549 novae
934 1508 1250 1549 inchoamentis
1279 1510 1391 1557 vitae,

138 1578 295 1630 quibus
323 1578 365 1617 in
398 1578 523 1617 nidos
555 1592 580 1618 a
611 1591 688 1617 sua
720 1577 912 1617 officiosa
944 1578 1183 1630 propagine
1212 1578 1394 1619 circum-

139 1646 251 1686 circa
279 1652 536 1696 exstructos,
566 1645 719 1686 leniter
747 1645 983 1695 submissis,
1007 1645 1217 1698 reliquam
1246 1659 1393 1686 curam

139 1715 310 1767 utrique
334 1715 517 1763 Parenti,
535 1728 608 1754 seu
631 1714 794 1754 Telluri
818 1714 959 1754 adhuc
976 1714 1226 1767 tepescenti,
1246 1714 1283 1754 ἃ
1303 1714 1393 1755 Soli

139 1783 261 1823 radio
275 1796 353 1822 suo
368 1783 418 1822 iis
433 1783 668 1831 incubanti,
684 1782 976 1823 mandabant:
998 1796 1170 1835 prorsus
1185 1788 1394 1835 tanquam

141 1850 333 1891 frondosi
356 1851 525 1903 stipites
548 1865 604 1891 ex
628 1850 915 1903 intelligentia
944 1857 1019 1891 aut
1047 1852 1175 1903 genio
1204 1852 1395 1891 scientiae

143 1919 302 1959 aemulo
343 1926 546 1972 agerent;
591 1919 667 1959 sed
709 1925 864 1959 natura
904 1919 946 1959 in
988 1919 1189 1960 omnibus
1231 1934 1395 1960 morem

142 1988 277 2040 gessit
310 1989 422 2037 vitae,
456 2001 553 2040 quae
591 1987 645 2027 ab
678 1987 840 2027 intimis
871 2000 1005 2039 agens
1035 1987 1143 2027 tales
1173 1988 1397 2028 excitabat

145 2056 332 2103 effectus,
355 2062 401 2096 ut
425 2070 481 2096 ex
504 2056 553 2095 iis
576 2055 842 2108 ejuscemodi
870 2056 971 2096 vitae
994 2070 1095 2096 usus
1117 2062 1215 2097 actu
1237 2058 1397 2097 existe-

144 2130 265 2173 rent3
305 2131 370 2164 est
405 2125 519 2164 enim
557 2139 670 2173 usus,
702 2131 749 2164 ut
781 2125 946 2164 dictum
978 2131 1053 2172 est,
1087 2125 1233 2165 anima
1264 2125 1397 2178 ipsius

144 2192 335 2233 effectus.
398 2193 467 2232 Ita
489 2193 672 2246 plumati
695 2193 737 2232 hi
761 2192 905 2242 foetus,
928 2193 1007 2233 soti
1030 2199 1141 2241 sunt,
1165 2193 1202 2233 &
1232 2207 1257 2233 a
1285 2194 1398 2234 Vere

146 2273 204 2300 ex
234 2261 429 2300 omnium
459 2261 575 2314 poris
607 2261 832 2314 exspirato
868 2261 1047 2310 exclusi,
1087 2261 1124 2302 ἃ
1161 2262 1338 2302 demum
1374 2277 1399 2302 a

147 2330 375 2380 genetricis
396 2331 520 2379 vena,
542 2330 579 2370 ἃ
602 2344 626 2370 a
648 2331 793 2383 granis
815 2330 974 2370 circum
1002 2330 1114 2371 circa
1142 2344 1198 2370 ex
1227 2330 1399 2383 proviso

757 2407 789 2437 D
