1783 2760
490 141 569 175 DE
604 140 755 176 ORTU
778 141 1161 176 PRIMOGENITI.
1413 150 1458 185 43

198 238 408 281 Similiter
429 252 614 292 magnus
637 239 707 279 ille
731 239 863 288 Ordo,
889 239 961 291 qui
985 245 1166 279 caeteros
1194 239 1394 292 aperiens
1418 240 1456 280 &

197 309 371 358 ducens,
404 309 651 348 universum
685 307 912 360 dirigebat,
938 307 1030 360 jam
1060 321 1136 360 per
1164 321 1263 347 suas
1291 308 1457 348 media-

196 377 337 417 tiones
366 376 403 417 ἃ
432 390 661 417 causarum
690 364 910 425 excursus,
935 389 980 415 se
1007 376 1062 416 ad
1094 389 1220 415 suum
1252 376 1453 416 ultimum

195 446 414 498 perduxit,
443 445 481 486 &
511 459 536 485 a
566 458 645 485 suo
675 445 828 485 ultimo
858 444 911 484 ad
942 458 1067 484 suum
1102 444 1289 497 primum
1318 444 1457 485 redire

196 514 433 563 constituit,
466 527 541 553 seu
579 514 633 554 ad
666 513 754 553 tale
787 513 1044 565 Subjectum
1076 513 1176 553 vitae
1209 513 1246 553 &
1280 519 1458 562 naturae,

195 583 313 635 quod
338 584 572 622 universim
595 582 743 622 omnia
765 582 803 622 ἃ
826 582 997 634 singula
1014 582 1068 621 ad
1092 581 1257 621 fontem
1281 595 1455 621 suarum

195 651 514 691 derivationum
537 652 772 699 reduceret,
792 665 880 699 seu,
898 651 952 690 ad
972 650 1283 703 complendum
1307 650 1456 690 orbem

195 719 252 759 ab
275 726 437 760 aeterno
458 719 735 772 praefinitum,
758 719 812 759 ad
838 719 1099 772 Supremam
1128 718 1165 759 St
1191 719 1454 760 Creatricem

197 787 395 828 Mentem
423 788 609 829 referret.
670 788 770 840 Jam
801 789 949 828 omnia
978 802 1075 840 quae
1105 787 1291 828 Telluris
1320 793 1455 837 erant,

195 856 306 896 hanc
322 857 522 897 ultimam
539 857 857 910 exspectabant
872 857 1077 897 adoream
1097 871 1104 906 ;
1139 856 1306 897 Caelum
1322 856 1454 896 etiam

194 924 309 965 hanc
341 932 387 965 ut
417 932 678 978 praesentem
712 925 973 974 intuebatur,
1002 925 1165 965 scilicet
1200 925 1454 973 Hominem,

195 995 269 1046 qui
305 995 406 1047 quia
442 994 605 1047 primus
646 994 689 1034 in
733 994 912 1034 Infinita
954 995 1156 1034 Numinis
1201 994 1456 1042 intuitione,

195 1063 567 1115 complementum
586 1069 709 1109 esset,
726 1076 800 1102 seu
819 1063 1021 1102 ultimum
1042 1063 1287 1103 Creationis
1301 1063 1454 1110 decus;

194 1131 229 1171 is
253 1132 367 1172 enim
392 1132 478 1171 ima
500 1132 713 1185 supremis
734 1146 809 1171 seu
831 1138 1032 1171 naturam
1055 1132 1166 1180 vitae,
1192 1131 1229 1171 &
1252 1144 1455 1184 suprema

195 1200 309 1240 imis·
332 1214 406 1240 seu
448 1201 582 1241 vitam
625 1207 802 1248 naturae,
845 1201 1172 1250 committeret;
1226 1213 1304 1240 nec
1344 1200 1456 1240 sicut

194 1268 456 1308 Animantia
479 1269 521 1308 in
547 1269 711 1310 Orbem
735 1268 826 1320 ejus
849 1269 1084 1321 praemissa,
1109 1282 1206 1321 quae
1235 1282 1325 1308 suae
1353 1268 1456 1308 vitae

193 1336 394 1377 instituta
415 1350 502 1376 non
525 1337 581 1377 ad
604 1337 864 1389 principium
888 1351 977 1376 suae
1000 1338 1231 1390 potestatis
1255 1337 1457 1385 referunt,

195 1406 272 1445 sed
301 1406 358 1445 ad
389 1405 614 1458 quoddam
643 1411 907 1454 naturatum,
931 1419 953 1445 e
984 1419 1071 1458 quo
1101 1405 1206 1446 nihil
1235 1419 1281 1446 se
1309 1419 1457 1445 versus

193 1475 414 1527 superiora
451 1474 639 1523 extollit,
673 1475 747 1514 sed
781 1474 896 1514 illico
927 1488 973 1514 se
1004 1481 1118 1514 retro
1149 1474 1295 1523 volvit,
1329 1488 1379 1516 ac
1411 1475 1454 1514 in

194 1543 363 1583 animos
410 1542 448 1583 &
499 1556 672 1595 sparsas
725 1543 931 1596 Corporis
983 1557 1133 1582 eorum
1184 1549 1361 1583 naturas
1408 1557 1455 1583 se

194 1611 387 1651 reflectit.
1330 1614 1338 1620 ”

252 1690 316 1732 32.
351 1680 496 1720 Lucus
518 1686 610 1720 erat
638 1680 680 1720 in
709 1680 1077 1733 temperatissima
1108 1680 1238 1721 Orbis
1268 1681 1454 1733 regione,

194 1762 281 1789 non
303 1749 383 1788 sub
406 1749 652 1789 Meridiano
676 1748 790 1798 Sole,
810 1748 886 1788 sed
904 1749 946 1788 in
966 1749 1111 1788 media
1128 1748 1320 1801 quadam
1343 1750 1456 1789 inter

194 1867 284 1901 ordo
302 1879 324 1901 a
344 1867 509 1901 Maximo
526 1867 658 1900 Mundi
675 1868 776 1907 Ovo;
798 1867 948 1901 Semina
961 1867 1060 1901 enim
1075 1867 1107 1901 ἃ
1123 1866 1259 1900 Ovaria
1273 1878 1295 1900 a
1311 1867 1455 1901 Natura

193 1923 313 1967 prima
331 1923 363 1956 Sc
381 1922 646 1967 perfectissima
663 1933 730 1955 sua
744 1922 954 1966 primordia,
967 1923 999 1956 δε
1014 1933 1034 1955 a
1049 1922 1249 1966 posteriore
1264 1934 1307 1956 ac
1323 1923 1455 1967 imper-

194 1977 345 2013 fectiore
364 1989 429 2012 sua
453 1978 691 2019 incrementa,
710 1984 924 2022 coeperunt;
953 1978 1017 2012 sed
1040 1978 1186 2012 inverso
1205 1978 1317 2012 modo
1343 1989 1382 2012 se
1407 1979 1455 2012 ab

193 2033 331 2067 ultimis
354 2033 402 2067 ad
425 2033 543 2076 prima
565 2032 809 2066 excludebant
828 2044 834 2066 :
868 2032 1034 2066 similiter
1059 2033 1171 2066 etiam
1196 2033 1305 2066 foetus
1333 2033 1453 2077 Regni

194 2088 385 2123 Animalis.
438 2088 511 2122 Sed
529 2094 566 2121 ut
585 2099 697 2132 gyrus
716 2088 774 2121 ille
792 2088 1038 2132 perficeretur,
1057 2099 1128 2132 quo
1150 2088 1279 2121 ultima
1302 2088 1454 2132 conjun-

192 2150 364 2188 gerentur
388 2143 526 2187 primis,
544 2154 607 2176 seu
632 2142 680 2176 ad
707 2154 813 2176 suum
839 2142 1059 2187 principium
1085 2143 1256 2186 redirent,
1277 2143 1453 2178 Humana

196 2199 303 2232 Mens
330 2198 490 2242 Corpore
515 2197 643 2231 induta
669 2197 705 2231 in
732 2198 858 2231 orbern
885 2198 1151 2232 introducenda
1175 2204 1263 2232 erat.
1313 2199 1452 2232 Verum

191 2253 251 2287 hic
272 2253 389 2297 Gyrus
408 2259 484 2287 erat
510 2252 695 2287 Maximus
721 2253 952 2294 Creationis;
979 2254 1091 2288 instat
1113 2253 1235 2288 adhuc
1257 2253 1386 2297 major,
1405 2253 1452 2288 de

192 2319 264 2353 quo
282 2307 319 2341 in
338 2307 568 2352 sequentium
586 2307 688 2342 serie.
