1835 2672
360 162 421 195 182
563 161 747 196 CAPUT
776 161 1095 204 SECUNDUM,
1130 159 1326 194 SECTJO
1359 159 1434 193 Ill.

357 261 482 301 aliter
515 274 628 309 vero,
652 260 686 300 si
726 260 817 300 lora
853 259 1087 300 traduntur
1119 258 1247 307 hosti,
1272 264 1376 298 tunc
1406 257 1554 297 omnia
1579 257 1620 297 in

357 329 623 369 contrarium
659 343 784 369 versa
821 335 980 378 ruunt;
1014 328 1051 368 δι
1090 341 1255 376 omnes,
1279 327 1350 380 qui
1387 326 1619 378 prodeunt,

358 398 538 438 effectus
575 412 650 438 seu
690 404 824 447 actus,
847 403 960 446 sunt,
983 398 1094 437 sicut
1132 410 1281 436 eorum
1320 395 1440 444 fines,
1463 396 1505 435 id
1546 402 1623 445 est,

359 468 529 515 animae,
553 467 709 507 seclusi
733 481 756 507 a
777 467 881 506 Vita
906 466 1024 515 Caeli,
1049 480 1099 506 ac
1122 466 1269 505 devoti
1294 466 1434 506 morti.

418 537 482 587 85.
514 536 615 589 Jam
639 537 672 576 si
697 536 813 583 libet,
831 549 1004 576 cursum
1030 535 1163 574 nostri
1187 534 1399 574 sermonis
1423 534 1476 573 ad
1502 533 1626 586 ipsis—

359 606 517 645 simam
540 612 704 645 metam
723 605 976 656 dirigamus,
994 617 1095 643 nam
1115 603 1187 642 illa
1202 616 1316 642 nunc
1330 604 1371 642 in
1389 608 1621 655 prospectu

361 681 511 714 nostro
546 681 638 725 est3
672 673 848 721 scilicet,
889 672 1104 722 Quomodo
1136 672 1265 725 plena
1299 671 1413 724 copia
1438 669 1628 723 fruendi

360 743 522 783 Amore
549 750 700 791 nostro,
724 744 767 783 ὣ
798 742 966 794 quidem
997 741 1042 781 ill
1063 747 1325 793 pelpetlmm,
1348 740 1452 780 dari
1475 747 1624 792 queat:

362 813 520 854 Omnis
557 825 692 859 meus,
724 825 856 864 quem
885 811 1098 850 hactenus
1127 810 1444 861 circumsparsi,
1471 822 1627 857 sermo,

362 882 446 922 huc
489 882 613 921 unice
656 880 880 929 collimat3
914 892 1016 919 nam
1055 879 1097 918 id
1140 884 1205 917 est
1249 878 1446 917 omnium
1484 891 1625 917 rerum

364 950 540 997 Cardo;
588 964 662 989 seu
706 949 972 1001 ipsissimum
1012 947 1272 993 Essentiale,
1315 946 1433 999 quod
1475 959 1628 986 omnes

363 1020 463 1059 vitae
487 1025 647 1058 nostrae
665 1017 827 1057 formas
850 1017 1142 1057 determinare
1167 1016 1203 1056 ἃ
1228 1022 1478 1055 construere
1500 1028 1630 1068 opor-

365 1095 427 1128 tet
450 1103 457 1137 ;
481 1102 530 1128 ac
554 1088 730 1127 unicum
750 1086 972 1135 Centrum,
990 1087 1031 1125 in
1056 1085 1173 1138 quod
1192 1085 1430 1124 formarum
1449 1085 1630 1124 istarum

366 1157 623 1210 peripheriae
646 1162 914 1208 convergent
933 1169 940 1203 ;
965 1168 1066 1194 nam
1091 1154 1171 1194 frui
1195 1160 1345 1193 nostro
1368 1153 1547 1201 Amore,
1567 1159 1632 1192 est

367 1227 586 1280 ipsissima
608 1226 741 1275 Vita;
775 1226 879 1277 quid
905 1231 1063 1264 caetera
1084 1224 1091 1264 l
1127 1223 1205 1263 nisi
1233 1222 1435 1263 volatiles
1458 1221 1632 1275 plumae,

368 1296 503 1344 flocci,
528 1295 565 1335 &
589 1302 806 1340 stercora;
840 1295 882 1333 in
907 1307 984 1332 nos
1007 1293 1122 1332 enim
1155 1292 1369 1344 Seipsum,
1395 1291 1433 1331 ἃ
1464 1292 1633 1331 univer-

368 1378 464 1404 sum
519 1377 646 1403 suum
702 1362 872 1404 Caelum
926 1362 1212 1413 transcripsit,
1257 1361 1457 1399 similiter
1499 1359 1632 1399 etiam

370 1433 601 1477 Mundum.
627 1433 859 1485 ipsumque
892 1431 1149 1477 Infernum;
1190 1429 1226 1469 ἃ
1261 1430 1384 1481 quasi
1408 1429 1633 1481 optionem

369 1503 506 1550 dedit,
529 1515 664 1541 unum
698 1508 773 1540 aut
806 1500 991 1540 alterum
1027 1499 1228 1551 eligendi.
1295 1498 1381 1539 Sed
1409 1499 1634 1550 quomodo

372 1571 596 1619 Mortales,
621 1571 725 1610 dum
750 1570 804 1609 ad
828 1570 966 1622 ipsam
992 1569 1104 1608 hanc
1130 1568 1297 1607 Metam
1329 1567 1529 1615 tendunt,
1558 1580 1635 1619 per

371 1642 468 1681 avia
492 1640 529 1679 ἃ
553 1653 703 1692 opaca,
726 1652 775 1678 ac
798 1651 967 1678 rursum
992 1638 1029 1677 ἃ
1053 1650 1264 1690 prorsum,
1288 1642 1475 1684 cursant,
1500 1635 1636 1675 oculis

373 1709 480 1748 meis
514 1708 739 1759 conspexi,
774 1707 877 1746 dum
917 1705 1154 1758 Sapientiis
1190 1704 1449 1745 Caelestibus
1482 1704 1636 1756 juncta

373 1791 532 1825 comes,
568 1776 719 1815 orbem
762 1782 976 1815 terrarum
1019 1775 1152 1813 etiam
1195 1774 1446 1826 percensui:
1486 1773 1636 1813 Ludos

373 1848 489 1886 enim
534 1859 691 1893 sacros,
724 1846 765 1884 in
808 1844 1020 1883 honorem
1065 1843 1267 1895 Supremi
1310 1842 1373 1882 sui
1418 1842 1634 1891 Numinis,

375 1916 514 1955 ubivis
541 1915 774 1954 instituunt
806 1913 842 1953 ἃ
877 1912 1196 1960 concelebrant,
1220 1911 1296 1950 sed
1331 1924 1428 1950 cum
1468 1911 1636 1952 infinita

374 1985 614 2024 varietate:
647 1982 933 2034 utplurimum
971 1981 1140 2020 Metam
1176 1980 1399 2032 quandam
1432 1980 1472 2019 in
1506 1980 1637 2032 Pyra-

376 2054 504 2093 midis
528 2058 602 2091 aut
627 2050 819 2091 Obelisci
843 2050 1043 2097 formam,
1061 2048 1277 2088 elevatam
1300 2054 1498 2088 statuunt
1519 2063 1526 2097 ;
1560 2051 1635 2089 sed

376 2123 518 2175 ipsum
556 2120 785 2172 Campum,
811 2119 884 2159 ubi
922 2118 1214 2158 Decursiones
1249 2117 1316 2156 vel
1350 2117 1543 2166 Curules,
1569 2118 1637 2158 vel

379 2192 627 2243 Equestres,
665 2195 740 2228 aut
776 2188 848 2227 ubi
888 2188 1101 2233 Cui-surae,
1137 2186 1398 2239 peragenda?
1440 2193 1552 2235 sunt,
1595 2187 1637 2227 in

377 2260 521 2313 plures
559 2264 708 2298 secant
742 2258 860 2297 vias:
899 2256 1093 2309 Quidam
1126 2255 1205 2295 has
1239 2256 1279 2294 in
1317 2254 1639 2307 Labyrintheas

377 2328 709 2369 circumducunt
743 2326 965 2378 ambages,
1001 2326 1038 2365 δι
1077 2325 1182 2364 dato
1215 2338 1240 2364 a
1277 2337 1477 2377 praecone
1514 2325 1640 2377 signo
