1783 2760
0 615 3 707 l

376 191 454 225 DE
489 191 749 235 CONJUGIO
782 190 958 224 PRIMO
965 191 1167 225 GENJTI.
1386 199 1400 234 5

146 287 412 336 mammillis,
433 301 620 340 suasque
652 286 777 326 ulnas
810 286 847 326 &
880 287 1059 339 palmas,
1087 293 1354 339 agnosceret,
1379 302 1403 327 a

144 363 332 409 stupore,
356 356 398 395 in
419 357 620 408 seipsam,
636 356 746 395 sicut
769 355 824 395 ab
847 356 999 395 umbra
1023 357 1063 394 in
1088 356 1240 404 lucem,
1260 356 1399 404 rediit,

147 412 356 464 reflexam
389 425 453 464 sui
486 425 723 476 imaginem
769 437 863 463 esse
905 424 1218 476 appercipiens.
1288 425 1399 465 Cum

145 507 246 532 vero
268 507 324 532 ex
353 493 559 532 novitatis
590 493 647 532 rei
681 491 908 544 voluptate
940 506 986 531 se
1019 492 1293 544 aliquantum
1323 493 1405 533 hac

145 563 209 601 sui
229 561 364 613 ipsius
382 561 522 613 effigie
540 560 860 609 oblectavisset,
880 560 989 599 alius
1007 560 1197 608 obvenit,
1218 562 1290 613 qui
1310 561 1402 612 jam

145 629 432 669 versatiliores
474 628 568 681 ejus
606 630 725 668 ideas
763 628 988 681 defigeret,
1027 635 1190 681 stupor,
1230 629 1405 675 scilicet,

146 697 264 750 quod
301 698 343 737 in
379 697 501 738 vultu
536 704 878 750 recognosceret,
907 698 1115 749 quicquid
1150 698 1301 738 Mente
1328 700 1405 738 sua

146 765 386 814 volutabat,
411 766 555 818 ipsum
578 766 710 806 etiam
733 779 859 805 suum
889 772 1126 818 stuporem,
1150 766 1187 806 ἃ
1213 774 1406 807 errantes

146 835 307 874 circum
350 847 449 873 eum
493 834 625 881 ideas,
669 834 951 886 agnoscebat,
992 835 1147 874 mirata
1187 836 1305 887 quod
1345 838 1405 876 sic

147 902 293 942 omnia
318 902 480 942 Mentis
502 916 592 942 suae
613 903 749 954 adyta
774 916 950 955 prorsus
973 909 1124 955 aperta
1152 903 1189 943 ἃ
1218 911 1407 944 reserata

147 978 312 1011 starent
331 985 339 1018 ;
362 984 496 1023 quum
520 970 632 1010 hanc
655 971 873 1019 nebulam,
892 985 1023 1023 quam
1043 978 1195 1024 stupor
1216 973 1404 1020 induxit,

149 1053 235 1079 non
271 1040 341 1087 ita,
376 1040 487 1079 sicut
523 1040 723 1092 priorem,
762 1040 979 1079 discutere
1012 1041 1236 1092 potuisset,
1270 1043 1405 1082 citato

147 1109 285 1161 gradu
321 1108 376 1148 ad
413 1122 513 1148 suas
549 1108 745 1149 Caelestis
785 1122 830 1147 se
865 1109 1036 1161 recepit,
1072 1123 1241 1161 rogans,
1276 1112 1309 1150 si
1346 1113 1406 1150 eis

150 1178 353 1230 placeret,
380 1177 541 1216 vellent
579 1190 814 1229 exponere,
849 1177 963 1217 unde
998 1178 1174 1226 veniret,
1208 1180 1326 1230 quod
1365 1180 1406 1219 in

148 1245 271 1285 vultu
293 1260 370 1285 suo
390 1251 802 1298 repraesentarentur
824 1259 976 1285 omnes
994 1245 1086 1297 ejus
1105 1248 1262 1286 mentis
1280 1247 1408 1287 affec-

149 1314 366 1362 tiunculae,
387 1314 424 1353 ἃ
448 1314 552 1366 ipsae
575 1314 770 1353 idearum
794 1315 924 1353 series
948 1314 1049 1353 inde
1071 1316 1289 1363 excitatae,
1307 1329 1406 1355 nam

151 1396 197 1422 se
219 1383 503 1434 conspexisse
527 1383 568 1421 in
592 1382 815 1429 fonticulo,
839 1382 996 1430 aiebat,
1020 1384 1138 1434 quod
1170 1384 1301 1423 facies
1331 1399 1408 1424 sua

152 1452 364 1491 indicaret
401 1451 438 1490 ἃ
477 1450 699 1498 revelaret,
722 1451 930 1502 quicquid
965 1451 1081 1490 intus
1111 1451 1334 1501 volveret;
1369 1453 1406 1492 ἃ

150 1519 269 1572 quod
291 1519 371 1559 hac
395 1520 561 1559 ratione
583 1519 688 1558 nihil
712 1533 897 1571 usquam
921 1519 1060 1558 celare
1083 1521 1298 1572 potuisset
1321 1536 1328 1570 ;
1350 1523 1405 1561 ad

151 1588 256 1637 haec,
298 1588 399 1629 Una
443 1587 708 1636 Caelestium,
747 1601 844 1640 quae
897 1587 1077 1627 chorum
1128 1589 1331 1637 ducebat,
1355 1591 1407 1629 ‘si

152 1671 312 1705 nosses,
343 1670 440 1696 mea
482 1656 625 1705 filiola,
656 1656 841 1704 dicebat,
874 1657 1098 1708 quomodo
1128 1658 1337 1708 potentiae
1371 1658 1408 1698 Sc

152 1725 383 1765 facultates
407 1726 632 1764 interiores
656 1724 693 1764 ἃ
715 1725 954 1764 exteriores
977 1725 1057 1764 sibi
1081 1731 1233 1765 mutuo
1265 1740 1410 1767 succe-

151 1795 274 1842 dunt,
290 1793 327 1833 ἃ
350 1794 589 1833 secundum
614 1806 712 1832 eum
734 1793 943 1840 ordinem,
962 1793 1004 1831 in
1027 1806 1072 1832 se
1088 1799 1241 1833 mutuo
1263 1802 1410 1846 agunt,

153 1863 371 1902 desineres
393 1862 486 1901 haec
509 1862 652 1901 mirari
675 1876 682 1910 ;
714 1862 789 1901 sed
814 1867 860 1900 ut
883 1861 975 1900 hfec
997 1862 1119 1909 scias,
1138 1863 1285 1914 paucis
1308 1878 1410 1916 ape-

153 1931 271 1970 riam.
335 1931 550 1982 Suprema
586 1936 662 1970 tua
695 1943 744 1969 ac
780 1930 933 1968 intima
970 1930 1181 1973 Potentia,
1215 1938 1280 1971 est
1317 1932 1410 1985 ipsa

154 1996 330 2048 Anima,
345 2013 442 2051 quae
461 1999 602 2038 omnis
621 2004 685 2038 est
707 1999 747 2037 in
771 1998 973 2037 omnibus
996 1998 1057 2037 tui
1078 1999 1293 2051 Corporis,
1308 2015 1408 2040 nam

154 2067 210 2107 ab
241 2081 291 2107 ea
322 2081 473 2107 omnes
504 2067 623 2106 fibrae
646 2079 772 2106 suum
796 2072 951 2114 ortum,
976 2065 1012 2105 ἃ
1036 2067 1296 2120 principium
1321 2083 1409 2109 suae

154 2137 541 2183 determinationis,
566 2135 742 2174 ducunt.
803 2134 959 2173 Altera
985 2134 1215 2175 Pontentia
1238 2136 1305 2176 vel
1330 2137 1411 2176 Fa—

154 2204 304 2251 cultaS,
338 2204 494 2243 dicitur
525 2203 652 2243 Mens
685 2201 1009 2250 Intellectualis,
1034 2203 1089 2242 ab
1110 2203 1286 2252 Anima,
1311 2211 1356 2245 ut
1387 2220 1411 2245 a

155 2273 231 2311 sua
256 2273 449 2320 Parente,
470 2272 665 2310 omnium
688 2270 829 2323 primo
851 2271 1045 2309 excitata
1068 2270 1104 2310 ἃ
1128 2273 1289 2323 genita,
1305 2286 1409 2324 qua—

156 2346 334 2393 propter
356 2353 451 2380 eam
475 2353 599 2379 suum
623 2339 836 2379 Amorem
860 2351 909 2378 ac
942 2338 1230 2391 Unigenitum
1262 2342 1411 2393 appel-
