1835 2672
412 163 451 187 12
826 151 969 186 PARS
1000 149 1271 195 SECUNDA,

409 249 656 291 intellectus
687 249 836 303 gratia,
858 262 957 290 cum
989 248 1085 290 aliae
1117 262 1203 289 non
1235 251 1484 301 suppetant,
1512 259 1538 286 a
1568 245 1662 287 foro

409 325 674 368 mutuemus,
709 332 865 369 voces;
900 331 1002 358 nam
1043 318 1149 358 fibra
1191 317 1324 371 ipsius
1366 315 1569 369 corporis,
1604 329 1663 356 ex

408 388 729 441 coagmentatis
750 387 816 427 his
837 387 1146 440 principiorum
1169 387 1230 427 ita
1252 386 1377 426 dictis
1401 384 1531 434 fibris,
1552 384 1664 425 sicut

409 456 563 498 ultima
585 456 740 510 proles,
762 457 1005 507 enascitur;
1038 456 1139 496 inde
1159 469 1216 496 ex
1243 454 1466 495 affinitatis
1497 453 1663 500 natura,

409 527 543 567 etiam
564 526 692 566 venia
713 525 852 574 datur,
870 538 1004 565 unum
1027 538 1103 577 per
1124 537 1284 564 nomen
1306 523 1481 564 alterius
1502 520 1664 575 signifi-

409 595 550 636 candi.
612 593 782 643 Omnis,
814 606 1085 646 quaecunque
1126 593 1169 633 in
1212 592 1427 634 Universo
1460 592 1665 643 Corpore,

410 669 565 717 regnat
601 663 743 712 Fibra,
775 669 919 703 ortum
952 675 1078 702 suum
1112 661 1167 702 ab
1201 661 1366 701 Anima
1403 661 1533 710 ducit,
1561 672 1663 700 nam

409 746 488 786 per
509 732 661 772 fibram
688 745 811 771 suam
844 737 909 771 est
939 730 1024 779 illa,
1046 730 1210 770 Anima
1232 730 1296 770 sui
1324 729 1536 778 Universi,
1560 728 1598 769 ἃ
1619 729 1663 768 in

410 801 503 853 ejus
525 801 727 841 omnibus
749 813 950 853 praesens,
973 805 1141 852 potens,
1161 799 1397 847 consciens,
1419 797 1664 851 providens,

412 869 451 910 &
485 870 661 919 vivens;
709 882 843 921 quare
884 867 976 920 ejus
1016 867 1162 907 radius
1203 880 1277 907 seu
1320 865 1665 906 eminentissima

413 938 533 987 fibra,
556 944 622 978 est
656 938 833 978 unicum
875 935 1163 977 substantiale
1203 936 1246 975 in
1286 934 1550 988 compositis,
1588 947 1663 975 seu

412 1008 587 1048 unicum
622 1006 812 1059 simplex
846 1006 888 1045 in
922 1005 1183 1058 aggregatis,
1217 1004 1260 1044 id
1293 1009 1371 1053 est,
1400 1003 1443 1043 in
1479 1002 1666 1051 fabricis,

414 1090 489 1117 seu
513 1075 663 1116 formis
685 1075 900 1128 organicis
921 1073 1113 1126 corporis
1131 1086 1139 1113 :
1170 1072 1263 1125 ejus
1294 1072 1433 1112 forma
1454 1072 1498 1112 in
1520 1084 1668 1124 supre-

414 1145 507 1194 mis,
531 1159 606 1185 seu
632 1144 785 1185 intime
811 1144 852 1183 in
884 1143 989 1196 ipsis
1018 1141 1222 1182 fibrarum
1255 1140 1489 1194 principiis,
1510 1140 1669 1180 dicitur

415 1212 778 1267 Supra-Caelestis
796 1226 805 1263 ;
832 1211 924 1264 ejus
946 1210 1254 1251 determinatio
1272 1223 1346 1250 seu
1365 1209 1502 1250 fluxio
1517 1221 1668 1249 secun-

413 1282 519 1323 dum
542 1282 685 1331 fibras,
708 1295 785 1334 per
806 1281 960 1321 intima
990 1279 1191 1333 corporis,
1215 1279 1354 1319 ubivis
1386 1279 1519 1318 etiam
1551 1278 1669 1318 simi-

415 1351 502 1392 lem
550 1350 782 1390 aemulatur
821 1349 1007 1389 formam
1027 1362 1035 1397 ;
1083 1348 1177 1388 haec
1216 1353 1353 1388 tantae
1394 1346 1594 1400 puritatis
1630 1346 1669 1387 81

415 1419 708 1472 simplicitatis
731 1424 808 1467 est,
831 1423 877 1457 ut
899 1430 1147 1470 supremam
1168 1417 1286 1457 Vitae
1307 1415 1556 1465 essentiam,
1573 1415 1669 1455 sinu

415 1502 505 1538 suo,
529 1488 663 1528 ferat:
696 1501 797 1528 nam
823 1487 1151 1539 supereminens
1172 1485 1266 1525 haec
1288 1484 1395 1525 fibra
1417 1485 1459 1524 in
1482 1498 1528 1525 se
1548 1498 1669 1537 spec-

416 1563 510 1598 tata
532 1563 598 1597 est
619 1556 752 1596 modo
774 1555 996 1608 recipiens,
1019 1568 1093 1594 seu
1115 1560 1272 1607 potens
1294 1554 1527 1594 essentiam
1551 1553 1669 1594 illam

416 1627 561 1667 vivam
593 1624 839 1678 recipiendi,
862 1637 995 1676 quare
1017 1624 1149 1663 etiam
1171 1622 1348 1671 Anima,
1372 1622 1573 1662 Potentia
1593 1635 1670 1675 po-

416 1695 665 1743 tentiarum,
686 1708 760 1734 seu
786 1693 945 1733 Forma
968 1692 1214 1741 formarum,
1238 1691 1401 1732 dicitur.
1464 1690 1537 1731 Ex
1569 1691 1671 1730 sim-

417 1763 664 1817 plicissimis
715 1762 781 1802 his
824 1761 1029 1802 fibrarum
1079 1760 1249 1801 aemulis
1296 1759 1438 1809 radiis,
1479 1760 1672 1813 gignitur

419 1832 603 1873 alterum
628 1831 746 1871 fibrae
769 1830 1041 1883 principium,
1063 1843 1139 1882 per
1160 1828 1401 1868 mirabilem
1429 1827 1466 1868 ἃ
1489 1827 1670 1868 infinitae

419 1901 647 1953 cujusdam
670 1899 1075 1953 circumgyrationis
1098 1898 1289 1947 modum,
1313 1897 1434 1949 cujus
1459 1896 1597 1937 forma
1628 1897 1671 1937 in

419 1969 632 2022 supremis
654 1982 729 2008 seu
752 1968 854 2021 ipsis
873 1967 1078 2008 fibrarum
1099 1966 1318 2020 principiis
1340 1966 1496 2006 dicitur
1514 1964 1672 2006 Caeles-

419 2038 486 2086 tis,
510 2051 608 2090 quae
630 2037 761 2077 etiam
786 2043 851 2077 est
875 2037 1035 2076 Forma
1058 2035 1220 2075 Mentis
1241 2041 1400 2075 nostrae
1431 2027 1673 2076 intellectu-

419 2106 499 2147 alis
518 2121 526 2157 ;
551 2120 628 2159 per
648 2105 979 2145 subtilissimum
1001 2104 1129 2157 hujus
1150 2103 1269 2143 fibrae
1297 2116 1464 2156 porum,
1489 2103 1606 2156 (nam
1629 2104 1672 2143 in

420 2176 621 2215 universo
645 2174 837 2226 Corpore
859 2174 1066 2222 animato,
1087 2186 1113 2213 a
1133 2172 1282 2225 primis
1303 2172 1360 2211 ad
1382 2170 1548 2220 ultima,
1565 2171 1672 2212 nihil

420 2257 507 2283 non
531 2248 596 2283 est
617 2241 882 2295 permeabile
905 2241 942 2282 ἃ
964 2239 1268 2294 conspirabile)
1290 2240 1444 2280 iterum
1467 2239 1670 2292 quaedam

419 2325 526 2364 pure
561 2310 796 2364 spiritualis
828 2311 1028 2360 essentia,
1048 2323 1146 2363 quae
1180 2315 1246 2350 est
1275 2308 1365 2350 vita
1396 2308 1528 2363 ipsius
1550 2308 1669 2359 Caeli,
