1783 2760
412 191 490 224 DE
526 190 556 224 C
558 190 657 234 ONJ
661 190 729 224 UG
732 191 757 224 I
758 190 788 223 O
816 190 992 224 PRIMO
998 190 1200 225 GENJTJ.
1417 200 1436 233 3

179 287 344 340 absque
363 288 444 327 viae
467 301 619 336 errore,
641 288 837 340 pervenit
856 302 864 337 ;
897 289 939 327 in
965 288 1162 329 Mentem
1185 288 1277 341 ejus
1300 303 1438 342 usque

177 355 322 405 subiit,
344 356 461 408 quod
485 355 536 395 eo
567 356 790 395 Divinitus
812 355 1021 408 appulsus
1044 357 1184 406 fuerit,
1208 357 1245 397 &
1273 358 1436 411 aliquid

178 425 217 464 ei
251 425 399 464 videre
430 424 644 472 oblatum,
680 423 803 476 cujus
841 431 1047 464 eventum
1084 432 1238 477 postea
1275 440 1437 479 cogno-

177 498 324 532 sceret.
761 540 763 543 .

236 563 301 612 89.
334 561 508 601 Interea
530 561 573 600 in
595 559 678 600 hoc
702 560 847 602 Ovulo
871 561 931 601 ita
953 561 1246 614 impraegnato
1274 563 1435 616 incepit

176 629 356 677 Anima,
394 644 419 669 a
463 630 772 682 Primogenito‚
811 631 853 669 in
895 630 1049 669 ardore
1091 631 1246 679 somni,
1282 631 1436 679 infusa,

176 705 414 738 contexere
453 711 553 738 suas
594 698 767 747 formas,
810 712 834 738 a
884 699 1035 751 primis
1080 698 1339 739 Caelestibus
1380 700 1435 739 ad

175 767 353 807 ultimas
386 767 631 815 Naturales,
665 766 703 806 &
740 767 800 806 sic
833 781 857 806 a
894 767 1121 819 Principiis
1152 781 1197 806 se
1232 767 1437 820 Corpore,

176 837 253 877 sed
277 850 333 876 ex
357 837 544 876 molliori
568 837 767 884 stamine,
792 836 999 885 induere3
1031 836 1068 876 &
1090 843 1190 888 post
1213 835 1436 877 formatio-

176 905 241 944 nis
272 918 361 945 suae
394 905 546 957 spatia,
569 911 644 944 aut
675 905 896 957 primaevae
918 905 1021 944 vitae
1042 905 1288 954 curriculos,
1312 912 1436 945 nata-

176 973 262 1013 lem
299 980 519 1013 maturare
551 980 708 1021 ortum,
734 973 771 1013 δι
801 974 842 1013 in
870 973 1091 1013 vernalem
1119 987 1280 1024 auram,
1304 988 1361 1014 ex
1393 975 1434 1014 vi

175 1041 350 1081 sibimet
390 1042 616 1094 acquisita,
660 1042 763 1081 eniti
791 1055 799 1081 :
845 1041 1007 1081 Foetus
1055 1042 1187 1081 etiam
1231 1042 1435 1083 exclusus

176 1110 460 1162 postmodum
484 1109 642 1149 similia
671 1110 809 1149 inibat
847 1109 884 1150 δε
919 1110 1095 1150 subibat
1130 1110 1231 1160 fata,
1254 1125 1304 1152 ac
1336 1125 1433 1164 quae

177 1178 341 1217 Noster
363 1177 697 1230 Primogenitus,
720 1178 841 1230 cujus
863 1179 1102 1227 vitam,sed
1126 1179 1168 1217 in
1191 1192 1236 1218 se
1257 1179 1435 1219 distinc-

176 1252 281 1294 tam,
311 1245 488 1294 ferebat,
518 1245 555 1285 ἃ
592 1246 906 1295 continuabat;
940 1246 1140 1287 similiter
1173 1247 1318 1296 etiam,
1352 1249 1433 1288 sub

175 1314 400 1366 parentela
422 1314 459 1354 δε
481 1316 583 1353 cura
607 1314 871 1363 Caelestium,
889 1315 1117 1355 infantiam
1141 1329 1278 1365 suam,
1297 1330 1434 1369 usque

174 1382 231 1422 ad
252 1383 440 1434 primum
463 1383 606 1421 aetatis
629 1382 792 1431 florem,
815 1383 966 1435 exegit
987 1398 995 1432 ;
1029 1397 1212 1436 quarum
1246 1384 1326 1424 sub
1358 1399 1432 1425 au-

174 1450 320 1502 spicio,
358 1452 506 1498 indies,
541 1451 651 1491 sicut
691 1451 999 1504 Intelligentia„
1023 1453 1155 1492 etiarn
1189 1453 1434 1493 Venustate

174 1519 259 1558 oris
290 1519 327 1559 δε
356 1521 557 1572 corporis,
582 1534 718 1572 usque
751 1521 793 1559 in
826 1520 1201 1573 pulchritudinum
1235 1521 1273 1561 ἃ
1303 1523 1435 1562 simul

173 1588 475 1628 amaenitatum
501 1588 682 1629 Generis
713 1588 893 1629 humani
916 1589 1156 1642 exemplar,
1179 1591 1404 1631 crescebat
1424 1606 1432 1632 2

173 1669 229 1695 ex
253 1656 361 1696 facie
384 1656 476 1709 ejus
499 1671 585 1696 non
609 1657 751 1697 solum
774 1657 1048 1698 elucescebat
1082 1658 1330 1711 IntegritaS‚
1354 1661 1431 1699 sed

174 1726 306 1765 etiam
330 1726 547 1778 ipsissima
572 1726 845 1775 Innocentia‚
867 1727 978 1766 adeo
1001 1734 1048 1767 ut
1077 1727 1161 1776 illa,
1183 1728 1294 1768 sicut
1317 1742 1435 1781 quae-

173 1794 276 1833 dam
312 1793 511 1834 Caelestis
551 1794 713 1843 Gratia,
758 1796 839 1835 sub
877 1795 1016 1834 forma
1048 1795 1252 1845 humana,
1297 1810 1433 1849 appa-

174 1863 305 1902 ruerit
326 1876 334 1911 ;
366 1876 468 1902 nam
492 1864 633 1915 ipsum
660 1863 895 1916 Spirituale
918 1878 963 1904 se
986 1865 1028 1904 in
1051 1865 1143 1916 ejus
1163 1865 1431 1917 Corpoream

173 1929 359 1971 formam
382 1932 610 1984 descripsit
631 1946 639 1981 3
672 1933 863 1972 Animus
886 1933 1050 1973 scilicet
1071 1947 1170 1973 cum
1194 1934 1281 1974 suis
1304 1934 1432 1975 affec-

173 1999 377 2048 tionibus,
420 2000 457 2040 &
499 2007 639 2040 status
680 2001 1008 2049 mutationibus,
1046 2003 1158 2042 sicut
1199 2003 1343 2056 vulgo,
1387 2005 1428 2043 in

174 2068 316 2119 ipsum
348 2075 523 2109 textum
557 2069 761 2109 fibrarum
796 2070 1116 2119 muscularium,
1148 2072 1221 2123 qui
1252 2073 1432 2112 tenerri-

175 2149 272 2176 mus
293 2143 396 2186 erat,
418 2137 456 2178 ἃ
479 2138 534 2178 ad
564 2138 874 2191 significandas
906 2139 1096 2192 cujusvis
1129 2147 1276 2180 motus
1308 2141 1428 2180 ideas

174 2205 488 2256 pronissimus;
539 2207 770 2246 Desideria
810 2221 913 2247 vero
966 2207 1129 2248 Mentis
1179 2209 1221 2248 in
1264 2208 1429 2249 formas

174 2272 316 2312 adhuc
338 2274 615 2325 perfectiores
634 2289 683 2315 ac
706 2275 932 2315 interiores
949 2277 1186 2317 earundem
1205 2276 1408 2317 fibrarum
1424 2292 1432 2327 ;

173 2354 272 2393 quae
302 2355 348 2382 se
369 2342 554 2396 insuper,
577 2343 820 2384 secundum
853 2344 1096 2397 quamlibet
1130 2345 1433 2394 mutationem,
