<?xml version="1.0" encoding="UTF-8"?>
<!DOCTYPE html PUBLIC "-//W3C//DTD XHTML 1.0 Transitional//EN"
    "http://www.w3.org/TR/xhtml1/DTD/xhtml1-transitional.dtd">
<html xmlns="http://www.w3.org/1999/xhtml" xml:lang="en" lang="en">
 <head>
  <title>
</title>
<meta http-equiv="Content-Type" content="text/html;charset=utf-8" />
  <meta name='ocr-system' content='tesseract 3.04.00' />
  <meta name='ocr-capabilities' content='ocr_page ocr_carea ocr_par ocr_line ocrx_word'/>
</head>
<body>
  <div class='ocr_page' id='page_1' title='image "./parsprimadecultu00swed_0066.png"; bbox 0 0 1835 2672; ppageno 0'>
   <div class='ocr_carea' id='block_1_1' title="bbox 347 115 1402 186">
    <p class='ocr_par' dir='ltr' id='par_1_1' title="bbox 347 115 1402 186">
     <span class='ocr_line' id='line_1_1' title="bbox 347 115 1402 186; baseline -0.001 -9"><span class='ocrx_word' id='word_1_1' title='bbox 347 150 390 186; x_wconf 80' lang='lat'><strong>54</strong></span> <span class='ocrx_word' id='word_1_2' title='bbox 557 142 740 177; x_wconf 79' lang='lat' dir='ltr'><em>CAPUT</em></span> <span class='ocrx_word' id='word_1_3' title='bbox 769 115 1087 186; x_wconf 68' lang='lat' dir='ltr'><em>SECUNDUM,</em></span> <span class='ocrx_word' id='word_1_4' title='bbox 1123 142 1318 177; x_wconf 78' lang='lat' dir='ltr'><em>SECTJO</em></span> <span class='ocrx_word' id='word_1_5' title='bbox 1350 142 1402 176; x_wconf 77' lang='grc' dir='ltr'><strong>Π.</strong></span> 
     </span>
    </p>
   </div>
   <div class='ocr_carea' id='block_1_2' title="bbox 326 240 1607 2356">
    <p class='ocr_par' dir='ltr' id='par_1_2' title="bbox 332 240 1607 2081">
     <span class='ocr_line' id='line_1_2' title="bbox 399 240 1605 292; baseline 0.001 -11"><span class='ocrx_word' id='word_1_6' title='bbox 399 252 466 291; x_wconf 87' lang='lat'><strong>40.</strong></span> <span class='ocrx_word' id='word_1_7' title='bbox 500 241 657 281; x_wconf 86' lang='lat' dir='ltr'><strong>Nudus</strong></span> <span class='ocrx_word' id='word_1_8' title='bbox 680 247 783 291; x_wconf 89' lang='lat' dir='ltr'><strong>erat,</strong></span> <span class='ocrx_word' id='word_1_9' title='bbox 805 242 882 282; x_wconf 89' lang='lat' dir='ltr'><strong>sed</strong></span> <span class='ocrx_word' id='word_1_10' title='bbox 907 241 1140 281; x_wconf 87' lang='lat' dir='ltr'><strong>mitissimo</strong></span> <span class='ocrx_word' id='word_1_11' title='bbox 1162 240 1287 290; x_wconf 91' lang='lat' dir='ltr'><strong>Vere,</strong></span> <span class='ocrx_word' id='word_1_12' title='bbox 1303 241 1415 281; x_wconf 89' lang='lat' dir='ltr'><strong>sicut</strong></span> <span class='ocrx_word' id='word_1_13' title='bbox 1435 240 1605 292; x_wconf 88' lang='lat' dir='ltr'><strong>balneo,</strong></span> 
     </span>
     <span class='ocr_line' id='line_1_3' title="bbox 343 309 1603 362; baseline 0 -12"><span class='ocrx_word' id='word_1_14' title='bbox 343 310 648 350; x_wconf 83' lang='lat' dir='ltr'><strong>circumfusus:</strong></span> <span class='ocrx_word' id='word_1_15' title='bbox 671 316 762 350; x_wconf 88' lang='lat' dir='ltr'><strong>tam</strong></span> <span class='ocrx_word' id='word_1_16' title='bbox 781 310 963 350; x_wconf 88' lang='lat' dir='ltr'><strong>decorus</strong></span> <span class='ocrx_word' id='word_1_17' title='bbox 982 309 1019 350; x_wconf 85' lang='lat'>&amp;</span> <span class='ocrx_word' id='word_1_18' title='bbox 1036 315 1244 350; x_wconf 89' lang='lat' dir='ltr'><strong>venustus</strong></span> <span class='ocrx_word' id='word_1_19' title='bbox 1261 309 1380 359; x_wconf 89' lang='lat' dir='ltr'><strong>facie,</strong></span> <span class='ocrx_word' id='word_1_20' title='bbox 1394 315 1603 362; x_wconf 86' lang='lat' dir='ltr'><strong>tanquam</strong></span> 
     </span>
     <span class='ocr_line' id='line_1_4' title="bbox 344 377 1607 431; baseline -0.001 -12"><span class='ocrx_word' id='word_1_21' title='bbox 344 379 483 419; x_wconf 88' lang='lat' dir='ltr'><strong>Divus</strong></span> <span class='ocrx_word' id='word_1_22' title='bbox 501 392 587 418; x_wconf 93' lang='lat' dir='ltr'><strong>non</strong></span> <span class='ocrx_word' id='word_1_23' title='bbox 608 379 650 418; x_wconf 89' lang='lat' dir='ltr'><strong>in</strong></span> <span class='ocrx_word' id='word_1_24' title='bbox 669 379 898 419; x_wconf 77' lang='lat' dir='ltr'>mortalem</span> <span class='ocrx_word' id='word_1_25' title='bbox 917 385 1046 418; x_wconf 88' lang='lat' dir='ltr'><strong>natus</strong></span> <span class='ocrx_word' id='word_1_26' title='bbox 1060 379 1217 427; x_wconf 87' lang='lat' dir='ltr'><strong>vitam;</strong></span> <span class='ocrx_word' id='word_1_27' title='bbox 1240 378 1335 431; x_wconf 90' lang='lat' dir='ltr'><strong>ipsa</strong></span> <span class='ocrx_word' id='word_1_28' title='bbox 1349 377 1607 418; x_wconf 89' lang='lat' dir='ltr'><strong>Innocentia</strong></span> 
     </span>
     <span class='ocr_line' id='line_1_5' title="bbox 342 447 1604 500; baseline -0.002 -12"><span class='ocrx_word' id='word_1_29' title='bbox 342 461 440 488; x_wconf 87' lang='lat' dir='ltr'><strong>cum</strong></span> <span class='ocrx_word' id='word_1_30' title='bbox 464 462 542 488; x_wconf 90' lang='lat' dir='ltr'><strong>suo</strong></span> <span class='ocrx_word' id='word_1_31' title='bbox 564 449 754 488; x_wconf 79' lang='lat' dir='ltr'>candore</span> <span class='ocrx_word' id='word_1_32' title='bbox 777 447 815 488; x_wconf 71' lang='grc' dir='ltr'><strong>δε</strong></span> <span class='ocrx_word' id='word_1_33' title='bbox 839 448 1028 500; x_wconf 87' lang='lat' dir='ltr'><strong>puritate</strong></span> <span class='ocrx_word' id='word_1_34' title='bbox 1047 460 1103 486; x_wconf 84' lang='lat' dir='ltr'><strong>ex</strong></span> <span class='ocrx_word' id='word_1_35' title='bbox 1122 447 1230 487; x_wconf 86' lang='lat' dir='ltr'><strong>facie</strong></span> <span class='ocrx_word' id='word_1_36' title='bbox 1247 447 1340 499; x_wconf 90' lang='lat' dir='ltr'><strong>ejus</strong></span> <span class='ocrx_word' id='word_1_37' title='bbox 1358 447 1604 497; x_wconf 88' lang='lat' dir='ltr'><strong>renidebat;</strong></span> 
     </span>
     <span class='ocr_line' id='line_1_6' title="bbox 341 515 1604 570; baseline -0.002 -13"><span class='ocrx_word' id='word_1_38' title='bbox 341 516 472 557; x_wconf 85' lang='lat' dir='ltr'><strong>facies</strong></span> <span class='ocrx_word' id='word_1_39' title='bbox 502 518 618 557; x_wconf 90' lang='lat' dir='ltr'><strong>enim</strong></span> <span class='ocrx_word' id='word_1_40' title='bbox 647 517 709 557; x_wconf 90' lang='lat' dir='ltr'><strong>ita</strong></span> <span class='ocrx_word' id='word_1_41' title='bbox 737 530 911 570; x_wconf 89' lang='lat' dir='ltr'><strong>prorsus</strong></span> <span class='ocrx_word' id='word_1_42' title='bbox 945 516 1000 556; x_wconf 91' lang='lat' dir='ltr'><strong>ad</strong></span> <span class='ocrx_word' id='word_1_43' title='bbox 1031 516 1174 556; x_wconf 88' lang='lat' dir='ltr'><strong>ideam</strong></span> <span class='ocrx_word' id='word_1_44' title='bbox 1211 515 1373 556; x_wconf 86' lang='lat' dir='ltr'><strong>Mentis</strong></span> <span class='ocrx_word' id='word_1_45' title='bbox 1407 529 1497 556; x_wconf 83' lang='lat' dir='ltr'><strong>suae</strong></span> <span class='ocrx_word' id='word_1_46' title='bbox 1529 529 1604 556; x_wconf 90' lang='lat' dir='ltr'><strong>seu</strong></span> 
     </span>
     <span class='ocr_line' id='line_1_7' title="bbox 339 583 1605 637; baseline -0.001 -12"><span class='ocrx_word' id='word_1_47' title='bbox 339 584 517 625; x_wconf 62' lang='lat' dir='ltr'><strong>Animae</strong></span> <span class='ocrx_word' id='word_1_48' title='bbox 541 586 682 626; x_wconf 87' lang='lat' dir='ltr'><strong>efficta</strong></span> <span class='ocrx_word' id='word_1_49' title='bbox 705 591 806 633; x_wconf 89' lang='lat' dir='ltr'><strong>erat,</strong></span> <span class='ocrx_word' id='word_1_50' title='bbox 831 591 877 625; x_wconf 94' lang='lat' dir='ltr'><strong>ut</strong></span> <span class='ocrx_word' id='word_1_51' title='bbox 901 584 1153 637; x_wconf 81' lang='lat' dir='ltr'><strong>unaquaevis</strong></span> <span class='ocrx_word' id='word_1_52' title='bbox 1170 584 1278 625; x_wconf 85' lang='lat' dir='ltr'><strong>fibra</strong></span> <span class='ocrx_word' id='word_1_53' title='bbox 1299 584 1491 637; x_wconf 82' lang='lat' dir='ltr'>aliquem</span> <span class='ocrx_word' id='word_1_54' title='bbox 1512 583 1605 637; x_wconf 89' lang='lat' dir='ltr'><strong>ejus</strong></span> 
     </span>
     <span class='ocr_line' id='line_1_8' title="bbox 339 652 1603 703; baseline -0.002 -9"><span class='ocrx_word' id='word_1_55' title='bbox 339 654 510 694; x_wconf 86' lang='lat' dir='ltr'><strong>radium</strong></span> <span class='ocrx_word' id='word_1_56' title='bbox 534 655 576 694; x_wconf 93' lang='lat' dir='ltr'><strong>in</strong></span> <span class='ocrx_word' id='word_1_57' title='bbox 600 668 645 694; x_wconf 91' lang='lat' dir='ltr'><strong>se</strong></span> <span class='ocrx_word' id='word_1_58' title='bbox 669 654 887 694; x_wconf 89' lang='lat' dir='ltr'><strong>lucentem</strong></span> <span class='ocrx_word' id='word_1_59' title='bbox 912 653 949 694; x_wconf 85' lang='lat'>&amp;</span> <span class='ocrx_word' id='word_1_60' title='bbox 973 653 1099 693; x_wconf 93' lang='lat' dir='ltr'><strong>simul</strong></span> <span class='ocrx_word' id='word_1_61' title='bbox 1124 653 1389 693; x_wconf 88' lang='lat' dir='ltr'><strong>delineatum</strong></span> <span class='ocrx_word' id='word_1_62' title='bbox 1417 652 1603 703; x_wconf 85' lang='lat' dir='ltr'><strong>referret,</strong></span> 
     </span>
     <span class='ocr_line' id='line_1_9' title="bbox 340 721 1605 775; baseline -0.001 -13"><span class='ocrx_word' id='word_1_63' title='bbox 340 723 399 762; x_wconf 83' lang='lat' dir='ltr'><strong>sic</strong></span> <span class='ocrx_word' id='word_1_64' title='bbox 435 729 482 762; x_wconf 92' lang='lat' dir='ltr'><strong>ut</strong></span> <span class='ocrx_word' id='word_1_65' title='bbox 517 723 645 762; x_wconf 88' lang='lat' dir='ltr'><strong>Mens</strong></span> <span class='ocrx_word' id='word_1_66' title='bbox 679 722 760 762; x_wconf 89' lang='lat' dir='ltr'><strong>sub</strong></span> <span class='ocrx_word' id='word_1_67' title='bbox 796 723 940 775; x_wconf 89' lang='lat' dir='ltr'><strong>specie</strong></span> <span class='ocrx_word' id='word_1_68' title='bbox 971 721 1164 762; x_wconf 90' lang='lat' dir='ltr'><strong>humana</strong></span> <span class='ocrx_word' id='word_1_69' title='bbox 1197 727 1451 775; x_wconf 77' lang='lat' dir='ltr'><strong>appareret:</strong></span> <span class='ocrx_word' id='word_1_70' title='bbox 1485 727 1605 761; x_wconf 92' lang='lat' dir='ltr'><strong>totus</strong></span> 
     </span>
     <span class='ocr_line' id='line_1_10' title="bbox 338 789 1602 844; baseline 0 -14"><span class='ocrx_word' id='word_1_71' title='bbox 338 791 471 831; x_wconf 90' lang='lat' dir='ltr'><strong>etiam</strong></span> <span class='ocrx_word' id='word_1_72' title='bbox 495 791 575 831; x_wconf 89' lang='lat' dir='ltr'><strong>sub</strong></span> <span class='ocrx_word' id='word_1_73' title='bbox 598 790 689 843; x_wconf 89' lang='lat' dir='ltr'><strong>ejus</strong></span> <span class='ocrx_word' id='word_1_74' title='bbox 712 791 906 844; x_wconf 88' lang='lat' dir='ltr'><strong>auspicio</strong></span> <span class='ocrx_word' id='word_1_75' title='bbox 929 789 966 830; x_wconf 83' lang='lat'>&amp;</span> <span class='ocrx_word' id='word_1_76' title='bbox 991 790 1290 830; x_wconf 83' lang='lat' dir='ltr'><strong>moderamine</strong></span> <span class='ocrx_word' id='word_1_77' title='bbox 1307 790 1477 843; x_wconf 88' lang='lat' dir='ltr'><strong>agebat,</strong></span> <span class='ocrx_word' id='word_1_78' title='bbox 1501 803 1602 830; x_wconf 90' lang='lat' dir='ltr'><strong>nam</strong></span> 
     </span>
     <span class='ocr_line' id='line_1_11' title="bbox 339 858 1602 907; baseline -0.001 -8"><span class='ocrx_word' id='word_1_79' title='bbox 339 859 579 900; x_wconf 87' lang='lat' dir='ltr'><strong>secundum</strong></span> <span class='ocrx_word' id='word_1_80' title='bbox 596 859 811 899; x_wconf 90' lang='lat' dir='ltr'><strong>rationem</strong></span> <span class='ocrx_word' id='word_1_81' title='bbox 826 859 1073 898; x_wconf 74' lang='lat' dir='ltr'><strong>existentiae</strong></span> <span class='ocrx_word' id='word_1_82' title='bbox 1088 859 1144 898; x_wconf 93' lang='lat' dir='ltr'><strong>ab</strong></span> <span class='ocrx_word' id='word_1_83' title='bbox 1159 859 1312 899; x_wconf 73' lang='lat' dir='ltr'><strong>eadem</strong></span> <span class='ocrx_word' id='word_1_84' title='bbox 1326 858 1602 907; x_wconf 78' lang='lat' dir='ltr'><strong>subsistebat,</strong></span> 
     </span>
     <span class='ocr_line' id='line_1_12' title="bbox 339 927 1602 981; baseline -0.001 -13"><span class='ocrx_word' id='word_1_85' title='bbox 339 927 377 968; x_wconf 64' lang='grc' dir='ltr'>ἃ</span> <span class='ocrx_word' id='word_1_86' title='bbox 407 929 584 981; x_wconf 88' lang='lat' dir='ltr'><strong>quidem</strong></span> <span class='ocrx_word' id='word_1_87' title='bbox 615 928 738 976; x_wconf 88' lang='lat' dir='ltr'><strong>adeo,</strong></span> <span class='ocrx_word' id='word_1_88' title='bbox 762 933 820 976; x_wconf 91' lang='lat' dir='ltr'><strong>ut,</strong></span> <span class='ocrx_word' id='word_1_89' title='bbox 845 928 949 968; x_wconf 92' lang='lat' dir='ltr'><strong>dum</strong></span> <span class='ocrx_word' id='word_1_90' title='bbox 978 927 1052 967; x_wconf 88' lang='lat' dir='ltr'><strong>illa</strong></span> <span class='ocrx_word' id='word_1_91' title='bbox 1081 941 1126 967; x_wconf 89' lang='lat' dir='ltr'><strong>se</strong></span> <span class='ocrx_word' id='word_1_92' title='bbox 1160 941 1239 967; x_wconf 90' lang='lat' dir='ltr'><strong>suo</strong></span> <span class='ocrx_word' id='word_1_93' title='bbox 1271 941 1451 980; x_wconf 89' lang='lat' dir='ltr'><strong>corpore</strong></span> <span class='ocrx_word' id='word_1_94' title='bbox 1486 928 1602 967; x_wconf 89' lang='lat' dir='ltr'><strong>intus</strong></span> 
     </span>
     <span class='ocr_line' id='line_1_13' title="bbox 336 995 1603 1049; baseline -0.001 -12"><span class='ocrx_word' id='word_1_95' title='bbox 336 997 601 1046; x_wconf 86' lang='lat' dir='ltr'><strong>oblectabat,</strong></span> <span class='ocrx_word' id='word_1_96' title='bbox 636 997 783 1037; x_wconf 87' lang='lat' dir='ltr'><strong>vultus</strong></span> <span class='ocrx_word' id='word_1_97' title='bbox 824 997 940 1038; x_wconf 90' lang='lat' dir='ltr'><strong>illico</strong></span> <span class='ocrx_word' id='word_1_98' title='bbox 981 996 1209 1036; x_wconf 80' lang='lat' dir='ltr'><strong>subridens</strong></span> <span class='ocrx_word' id='word_1_99' title='bbox 1245 997 1385 1049; x_wconf 86' lang='lat' dir='ltr'><strong>ipsam</strong></span> <span class='ocrx_word' id='word_1_100' title='bbox 1425 995 1603 1037; x_wconf 82' lang='lat' dir='ltr'><strong>Animae</strong></span> 
     </span>
     <span class='ocr_line' id='line_1_14' title="bbox 336 1065 1603 1118; baseline -0.001 -12"><span class='ocrx_word' id='word_1_101' title='bbox 336 1065 534 1106; x_wconf 77' lang='lat' dir='ltr'><strong>laetitiam</strong></span> <span class='ocrx_word' id='word_1_102' title='bbox 559 1065 782 1118; x_wconf 88' lang='lat' dir='ltr'><strong>effigiaret,</strong></span> <span class='ocrx_word' id='word_1_103' title='bbox 806 1065 924 1118; x_wconf 89' lang='lat' dir='ltr'><strong>quod</strong></span> <span class='ocrx_word' id='word_1_104' title='bbox 954 1065 1038 1105; x_wconf 87' lang='lat' dir='ltr'><strong>oris</strong></span> <span class='ocrx_word' id='word_1_105' title='bbox 1068 1065 1160 1117; x_wconf 89' lang='lat' dir='ltr'><strong>ejus</strong></span> <span class='ocrx_word' id='word_1_106' title='bbox 1188 1071 1464 1105; x_wconf 87' lang='lat' dir='ltr'><strong>venustatem</strong></span> <span class='ocrx_word' id='word_1_107' title='bbox 1493 1065 1603 1105; x_wconf 90' lang='lat' dir='ltr'><strong>mul-</strong></span> 
     </span>
     <span class='ocr_line' id='line_1_15' title="bbox 335 1133 1603 1187; baseline -0.001 -13"><span class='ocrx_word' id='word_1_108' title='bbox 335 1140 430 1183; x_wconf 87' lang='lat' dir='ltr'><strong>tum</strong></span> <span class='ocrx_word' id='word_1_109' title='bbox 452 1135 585 1174; x_wconf 86' lang='lat' dir='ltr'><strong>etiam</strong></span> <span class='ocrx_word' id='word_1_110' title='bbox 608 1134 872 1187; x_wconf 81' lang='lat' dir='ltr'><strong>adaugebat.</strong></span> <span class='ocrx_word' id='word_1_111' title='bbox 935 1135 1006 1174; x_wconf 87' lang='lat' dir='ltr'><strong>Ita</strong></span> <span class='ocrx_word' id='word_1_112' title='bbox 1030 1134 1122 1186; x_wconf 89' lang='lat' dir='ltr'><strong>jam</strong></span> <span class='ocrx_word' id='word_1_113' title='bbox 1152 1133 1319 1174; x_wconf 87' lang='lat' dir='ltr'><strong>Anima</strong></span> <span class='ocrx_word' id='word_1_114' title='bbox 1346 1147 1473 1174; x_wconf 92' lang='lat' dir='ltr'><strong>suum</strong></span> <span class='ocrx_word' id='word_1_115' title='bbox 1498 1133 1603 1175; x_wconf 88' lang='lat' dir='ltr'><strong>Cor-</strong></span> 
     </span>
     <span class='ocr_line' id='line_1_16' title="bbox 335 1202 1603 1255; baseline 0 -12"><span class='ocrx_word' id='word_1_116' title='bbox 335 1202 577 1255; x_wconf 88' lang='lat' dir='ltr'><strong>pusculum,</strong></span> <span class='ocrx_word' id='word_1_117' title='bbox 608 1203 719 1243; x_wconf 89' lang='lat' dir='ltr'><strong>sicut</strong></span> <span class='ocrx_word' id='word_1_118' title='bbox 751 1203 815 1243; x_wconf 88' lang='lat' dir='ltr'><strong>vis</strong></span> <span class='ocrx_word' id='word_1_119' title='bbox 849 1203 1054 1255; x_wconf 83' lang='lat' dir='ltr'><strong>quaedam</strong></span> <span class='ocrx_word' id='word_1_120' title='bbox 1083 1203 1225 1244; x_wconf 88' lang='lat' dir='ltr'><strong>activa</strong></span> <span class='ocrx_word' id='word_1_121' title='bbox 1253 1216 1352 1243; x_wconf 88' lang='lat' dir='ltr'><strong>suas</strong></span> <span class='ocrx_word' id='word_1_122' title='bbox 1382 1203 1603 1255; x_wconf 87' lang='lat' dir='ltr'><strong>potentias</strong></span> 
     </span>
     <span class='ocr_line' id='line_1_17' title="bbox 334 1271 1603 1325; baseline 0.001 -14"><span class='ocrx_word' id='word_1_123' title='bbox 334 1285 500 1324; x_wconf 88' lang='lat' dir='ltr'><strong>regens,</strong></span> <span class='ocrx_word' id='word_1_124' title='bbox 530 1271 586 1311; x_wconf 89' lang='lat' dir='ltr'><strong>ad</strong></span> <span class='ocrx_word' id='word_1_125' title='bbox 623 1272 783 1322; x_wconf 88' lang='lat' dir='ltr'><strong>onmia,</strong></span> <span class='ocrx_word' id='word_1_126' title='bbox 817 1285 916 1325; x_wconf 81' lang='lat' dir='ltr'><strong>quae</strong></span> <span class='ocrx_word' id='word_1_127' title='bbox 949 1272 1154 1312; x_wconf 90' lang='lat' dir='ltr'><strong>obeunda</strong></span> <span class='ocrx_word' id='word_1_128' title='bbox 1189 1277 1346 1320; x_wconf 85' lang='lat' dir='ltr'><strong>essent,</strong></span> <span class='ocrx_word' id='word_1_129' title='bbox 1379 1271 1603 1322; x_wconf 87' lang='lat' dir='ltr'><strong>incitabat,</strong></span> 
     </span>
     <span class='ocr_line' id='line_1_18' title="bbox 334 1340 1602 1393; baseline 0.001 -13"><span class='ocrx_word' id='word_1_130' title='bbox 334 1340 610 1392; x_wconf 88' lang='lat' dir='ltr'><strong>docebatque</strong></span> <span class='ocrx_word' id='word_1_131' title='bbox 634 1340 827 1389; x_wconf 88' lang='lat' dir='ltr'><strong>modum,</strong></span> <span class='ocrx_word' id='word_1_132' title='bbox 847 1353 935 1392; x_wconf 92' lang='lat' dir='ltr'><strong>quo</strong></span> <span class='ocrx_word' id='word_1_133' title='bbox 957 1354 1002 1380; x_wconf 90' lang='lat' dir='ltr'><strong>se</strong></span> <span class='ocrx_word' id='word_1_134' title='bbox 1025 1340 1080 1380; x_wconf 89' lang='lat' dir='ltr'><strong>ad</strong></span> <span class='ocrx_word' id='word_1_135' title='bbox 1104 1340 1246 1388; x_wconf 89' lang='lat' dir='ltr'><strong>ubera,</strong></span> <span class='ocrx_word' id='word_1_136' title='bbox 1271 1353 1455 1393; x_wconf 90' lang='lat' dir='ltr'><strong>quorum</strong></span> <span class='ocrx_word' id='word_1_137' title='bbox 1478 1340 1602 1393; x_wconf 85' lang='lat' dir='ltr'><strong>plura</strong></span> 
     </span>
     <span class='ocr_line' id='line_1_19' title="bbox 335 1409 1603 1462; baseline 0.001 -14"><span class='ocrx_word' id='word_1_138' title='bbox 335 1415 558 1449; x_wconf 89' lang='lat' dir='ltr'><strong>maternus</strong></span> <span class='ocrx_word' id='word_1_139' title='bbox 581 1422 727 1449; x_wconf 88' lang='lat' dir='ltr'><strong>ramus</strong></span> <span class='ocrx_word' id='word_1_140' title='bbox 753 1409 1022 1461; x_wconf 77' lang='lat' dir='ltr'><strong>adporrexit,</strong></span> <span class='ocrx_word' id='word_1_141' title='bbox 1047 1409 1284 1458; x_wconf 88' lang='lat' dir='ltr'><strong>inclinaret,</strong></span> <span class='ocrx_word' id='word_1_142' title='bbox 1306 1409 1493 1462; x_wconf 86' lang='lat' dir='ltr'><strong>papillas</strong></span> <span class='ocrx_word' id='word_1_143' title='bbox 1515 1411 1603 1450; x_wconf 88' lang='lat' dir='ltr'><strong>suis</strong></span> 
     </span>
     <span class='ocr_line' id='line_1_20' title="bbox 334 1477 1600 1532; baseline 0.002 -15"><span class='ocrx_word' id='word_1_144' title='bbox 334 1478 482 1530; x_wconf 80' lang='lat' dir='ltr'><strong>digitis</strong></span> <span class='ocrx_word' id='word_1_145' title='bbox 504 1485 732 1531; x_wconf 88' lang='lat' dir='ltr'><strong>premeret,</strong></span> <span class='ocrx_word' id='word_1_146' title='bbox 757 1478 823 1518; x_wconf 86' lang='lat' dir='ltr'><strong>lac</strong></span> <span class='ocrx_word' id='word_1_147' title='bbox 844 1491 917 1518; x_wconf 91' lang='lat' dir='ltr'><strong>ore</strong></span> <span class='ocrx_word' id='word_1_148' title='bbox 939 1485 1125 1531; x_wconf 85' lang='lat' dir='ltr'><strong>sugeret,</strong></span> <span class='ocrx_word' id='word_1_149' title='bbox 1149 1479 1192 1518; x_wconf 88' lang='lat' dir='ltr'><strong>id</strong></span> <span class='ocrx_word' id='word_1_150' title='bbox 1219 1479 1367 1531; x_wconf 73' lang='lat' dir='ltr'><strong>lingua</strong></span> <span class='ocrx_word' id='word_1_151' title='bbox 1391 1477 1429 1518; x_wconf 66' lang='grc' dir='ltr'>ἃ</span> <span class='ocrx_word' id='word_1_152' title='bbox 1451 1478 1600 1532; x_wconf 86' lang='lat' dir='ltr'><strong>palato</strong></span> 
     </span>
     <span class='ocr_line' id='line_1_21' title="bbox 335 1546 1600 1600; baseline 0.001 -14"><span class='ocrx_word' id='word_1_153' title='bbox 335 1547 598 1596; x_wconf 86' lang='lat' dir='ltr'><strong>devolveret,</strong></span> <span class='ocrx_word' id='word_1_154' title='bbox 636 1553 736 1600; x_wconf 93' lang='lat' dir='ltr'><strong>post</strong></span> <span class='ocrx_word' id='word_1_155' title='bbox 772 1546 976 1587; x_wconf 88' lang='lat' dir='ltr'><strong>haustam</strong></span> <span class='ocrx_word' id='word_1_156' title='bbox 1014 1547 1186 1600; x_wconf 87' lang='lat' dir='ltr'><strong>copiam</strong></span> <span class='ocrx_word' id='word_1_157' title='bbox 1222 1561 1268 1587; x_wconf 92' lang='lat' dir='ltr'><strong>se</strong></span> <span class='ocrx_word' id='word_1_158' title='bbox 1305 1547 1501 1587; x_wconf 86' lang='lat' dir='ltr'><strong>cubitum</strong></span> <span class='ocrx_word' id='word_1_159' title='bbox 1536 1561 1600 1588; x_wconf 90' lang='lat' dir='ltr'><strong>re-</strong></span> 
     </span>
     <span class='ocr_line' id='line_1_22' title="bbox 334 1615 1599 1669; baseline 0 -13"><span class='ocrx_word' id='word_1_160' title='bbox 334 1617 539 1664; x_wconf 88' lang='lat' dir='ltr'><strong>mitteret,</strong></span> <span class='ocrx_word' id='word_1_161' title='bbox 578 1615 616 1656; x_wconf 65' lang='grc' dir='ltr'>ἃ</span> <span class='ocrx_word' id='word_1_162' title='bbox 653 1616 856 1669; x_wconf 88' lang='lat' dir='ltr'><strong>perplura</strong></span> <span class='ocrx_word' id='word_1_163' title='bbox 897 1616 994 1664; x_wconf 85' lang='lat' dir='ltr'><strong>alia,</strong></span> <span class='ocrx_word' id='word_1_164' title='bbox 1031 1630 1131 1669; x_wconf 76' lang='lat' dir='ltr'><strong>quae</strong></span> <span class='ocrx_word' id='word_1_165' title='bbox 1172 1616 1251 1656; x_wconf 89' lang='lat' dir='ltr'><strong>soli</strong></span> <span class='ocrx_word' id='word_1_166' title='bbox 1292 1616 1392 1656; x_wconf 89' lang='lat' dir='ltr'><strong>huic</strong></span> <span class='ocrx_word' id='word_1_167' title='bbox 1432 1615 1599 1667; x_wconf 84' lang='lat' dir='ltr'><strong>infanti,</strong></span> 
     </span>
     <span class='ocr_line' id='line_1_23' title="bbox 334 1684 1598 1738; baseline 0.001 -14"><span class='ocrx_word' id='word_1_168' title='bbox 334 1685 499 1738; x_wconf 85' lang='lat' dir='ltr'><strong>absque</strong></span> <span class='ocrx_word' id='word_1_169' title='bbox 531 1685 709 1735; x_wconf 88' lang='lat' dir='ltr'><strong>nutrice,</strong></span> <span class='ocrx_word' id='word_1_170' title='bbox 739 1686 781 1725; x_wconf 90' lang='lat' dir='ltr'><strong>in</strong></span> <span class='ocrx_word' id='word_1_171' title='bbox 811 1685 954 1738; x_wconf 88' lang='lat' dir='ltr'><strong>ipsum</strong></span> <span class='ocrx_word' id='word_1_172' title='bbox 987 1685 1185 1724; x_wconf 86' lang='lat' dir='ltr'><strong>ordinem</strong></span> <span class='ocrx_word' id='word_1_173' title='bbox 1217 1685 1319 1725; x_wconf 81' lang='lat' dir='ltr'><strong>vitae</strong></span> <span class='ocrx_word' id='word_1_174' title='bbox 1352 1684 1390 1725; x_wconf 84' lang='lat'>&amp;</span> <span class='ocrx_word' id='word_1_175' title='bbox 1420 1691 1598 1735; x_wconf 81' lang='lat' dir='ltr'><strong>naturae,</strong></span> 
     </span>
     <span class='ocr_line' id='line_1_24' title="bbox 332 1753 1600 1807; baseline 0 -13"><span class='ocrx_word' id='word_1_176' title='bbox 332 1760 449 1803; x_wconf 88' lang='lat' dir='ltr'><strong>nato,</strong></span> <span class='ocrx_word' id='word_1_177' title='bbox 486 1753 524 1794; x_wconf 66' lang='grc' dir='ltr'>ἃ</span> <span class='ocrx_word' id='word_1_178' title='bbox 561 1754 642 1794; x_wconf 92' lang='lat' dir='ltr'><strong>sub</strong></span> <span class='ocrx_word' id='word_1_179' title='bbox 679 1753 816 1794; x_wconf 86' lang='lat' dir='ltr'><strong>tutela</strong></span> <span class='ocrx_word' id='word_1_180' title='bbox 861 1753 1112 1794; x_wconf 81' lang='lat' dir='ltr'><strong>Caelestium</strong></span> <span class='ocrx_word' id='word_1_181' title='bbox 1156 1753 1352 1802; x_wconf 87' lang='lat' dir='ltr'><strong>educato,</strong></span> <span class='ocrx_word' id='word_1_182' title='bbox 1390 1754 1600 1807; x_wconf 89' lang='lat' dir='ltr'><strong>inspirata</strong></span> 
     </span>
     <span class='ocr_line' id='line_1_25' title="bbox 332 1822 1598 1876; baseline 0.001 -14"><span class='ocrx_word' id='word_1_183' title='bbox 332 1829 483 1863; x_wconf 84' lang='lat' dir='ltr'><strong>erant:</strong></span> <span class='ocrx_word' id='word_1_184' title='bbox 515 1836 628 1871; x_wconf 89' lang='lat' dir='ltr'><strong>nam,</strong></span> <span class='ocrx_word' id='word_1_185' title='bbox 653 1822 869 1875; x_wconf 89' lang='lat' dir='ltr'><strong>siquidem</strong></span> <span class='ocrx_word' id='word_1_186' title='bbox 896 1836 951 1862; x_wconf 91' lang='lat' dir='ltr'><strong>ne</strong></span> <span class='ocrx_word' id='word_1_187' title='bbox 978 1822 1046 1862; x_wconf 89' lang='lat' dir='ltr'><strong>vel</strong></span> <span class='ocrx_word' id='word_1_188' title='bbox 1073 1822 1254 1863; x_wconf 87' lang='lat' dir='ltr'><strong>minima</strong></span> <span class='ocrx_word' id='word_1_189' title='bbox 1277 1829 1483 1863; x_wconf 86' lang='lat' dir='ltr'><strong>eventura</strong></span> <span class='ocrx_word' id='word_1_190' title='bbox 1504 1823 1598 1876; x_wconf 89' lang='lat' dir='ltr'><strong>ejus</strong></span> 
     </span>
     <span class='ocr_line' id='line_1_26' title="bbox 332 1890 1596 1944; baseline 0 -12"><span class='ocrx_word' id='word_1_191' title='bbox 332 1891 578 1932; x_wconf 86' lang='lat' dir='ltr'><strong>actiuncula</strong></span> <span class='ocrx_word' id='word_1_192' title='bbox 616 1891 798 1944; x_wconf 85' lang='lat' dir='ltr'><strong>Opificis</strong></span> <span class='ocrx_word' id='word_1_193' title='bbox 836 1890 1202 1932; x_wconf 88' lang='lat' dir='ltr'><strong>Omniscientiam</strong></span> <span class='ocrx_word' id='word_1_194' title='bbox 1238 1897 1341 1932; x_wconf 90' lang='lat' dir='ltr'><strong>ante</strong></span> <span class='ocrx_word' id='word_1_195' title='bbox 1378 1891 1596 1932; x_wconf 89' lang='lat' dir='ltr'><strong>Mundum</strong></span> 
     </span>
     <span class='ocr_line' id='line_1_27' title="bbox 332 1959 1599 2014; baseline 0.001 -14"><span class='ocrx_word' id='word_1_196' title='bbox 332 1967 476 2000; x_wconf 85' lang='lat' dir='ltr'><strong>ortum</strong></span> <span class='ocrx_word' id='word_1_197' title='bbox 515 1960 648 2000; x_wconf 89' lang='lat' dir='ltr'><strong>latere</strong></span> <span class='ocrx_word' id='word_1_198' title='bbox 678 1960 834 2013; x_wconf 87' lang='lat' dir='ltr'><strong>potuit,</strong></span> <span class='ocrx_word' id='word_1_199' title='bbox 866 1961 926 2000; x_wconf 90' lang='lat' dir='ltr'><strong>ita</strong></span> <span class='ocrx_word' id='word_1_200' title='bbox 956 1973 1035 2000; x_wconf 88' lang='lat' dir='ltr'><strong>nec</strong></span> <span class='ocrx_word' id='word_1_201' title='bbox 1066 1960 1243 2013; x_wconf 91' lang='lat' dir='ltr'><strong>quidem</strong></span> <span class='ocrx_word' id='word_1_202' title='bbox 1276 1959 1457 2000; x_wconf 88' lang='lat' dir='ltr'><strong>minima</strong></span> <span class='ocrx_word' id='word_1_203' title='bbox 1489 1960 1599 2014; x_wconf 88' lang='lat' dir='ltr'><strong>Ejus</strong></span> 
     </span>
     <span class='ocr_line' id='line_1_28' title="bbox 332 2028 952 2081; baseline 0 -12"><span class='ocrx_word' id='word_1_204' title='bbox 332 2029 656 2069; x_wconf 87' lang='lat' dir='ltr'><strong>Providentiam</strong></span> <span class='ocrx_word' id='word_1_205' title='bbox 678 2028 952 2081; x_wconf 84' lang='lat' dir='ltr'><strong>subterfugit.</strong></span> 
     </span>
    </p>

    <p class='ocr_par' dir='ltr' id='par_1_3' title="bbox 326 2096 1596 2356">
     <span class='ocr_line' id='line_1_29' title="bbox 387 2096 1595 2150; baseline 0.002 -14"><span class='ocrx_word' id='word_1_206' title='bbox 387 2109 453 2148; x_wconf 87' lang='lat'><strong>41.</strong></span> <span class='ocrx_word' id='word_1_207' title='bbox 488 2097 614 2136; x_wconf 59' lang='lat' dir='ltr'><strong>Divae</strong></span> <span class='ocrx_word' id='word_1_208' title='bbox 645 2096 729 2136; x_wconf 81' lang='lat' dir='ltr'><strong>illae</strong></span> <span class='ocrx_word' id='word_1_209' title='bbox 760 2097 988 2146; x_wconf 82' lang='lat' dir='ltr'><strong>Essentiae,</strong></span> <span class='ocrx_word' id='word_1_210' title='bbox 1010 2111 1085 2137; x_wconf 89' lang='lat' dir='ltr'><strong>seu</strong></span> <span class='ocrx_word' id='word_1_211' title='bbox 1119 2096 1327 2138; x_wconf 71' lang='lat' dir='ltr'><strong>Caelestes</strong></span> <span class='ocrx_word' id='word_1_212' title='bbox 1360 2097 1595 2150; x_wconf 88' lang='lat' dir='ltr'><strong>Imagines,</strong></span> 
     </span>
     <span class='ocr_line' id='line_1_30' title="bbox 330 2164 1595 2220; baseline 0 -13"><span class='ocrx_word' id='word_1_213' title='bbox 330 2167 488 2220; x_wconf 88' lang='lat' dir='ltr'><strong>quibus</strong></span> <span class='ocrx_word' id='word_1_214' title='bbox 529 2164 667 2205; x_wconf 89' lang='lat' dir='ltr'><strong>tutela</strong></span> <span class='ocrx_word' id='word_1_215' title='bbox 707 2165 836 2218; x_wconf 89' lang='lat' dir='ltr'><strong>hujus</strong></span> <span class='ocrx_word' id='word_1_216' title='bbox 875 2165 1096 2215; x_wconf 88' lang='lat' dir='ltr'><strong>Infantuli,</strong></span> <span class='ocrx_word' id='word_1_217' title='bbox 1134 2171 1346 2218; x_wconf 86' lang='lat' dir='ltr'><strong>tanquam</strong></span> <span class='ocrx_word' id='word_1_218' title='bbox 1382 2165 1595 2207; x_wconf 89' lang='lat' dir='ltr'><strong>Thesauri</strong></span> 
     </span>
     <span class='ocr_line' id='line_1_31' title="bbox 331 2233 1596 2288; baseline 0.001 -13"><span class='ocrx_word' id='word_1_219' title='bbox 331 2236 496 2276; x_wconf 88' lang='lat' dir='ltr'><strong>Mundi.</strong></span> <span class='ocrx_word' id='word_1_220' title='bbox 530 2234 740 2274; x_wconf 89' lang='lat' dir='ltr'><strong>mandata</strong></span> <span class='ocrx_word' id='word_1_221' title='bbox 766 2240 870 2281; x_wconf 80' lang='lat' dir='ltr'><strong>erat,</strong></span> <span class='ocrx_word' id='word_1_222' title='bbox 894 2235 931 2274; x_wconf 91' lang='lat' dir='ltr'><strong>ei</strong></span> <span class='ocrx_word' id='word_1_223' title='bbox 958 2235 1069 2274; x_wconf 88' lang='lat' dir='ltr'><strong>sicut</strong></span> <span class='ocrx_word' id='word_1_224' title='bbox 1099 2233 1300 2287; x_wconf 83' lang='lat' dir='ltr'><strong>Supremi</strong></span> <span class='ocrx_word' id='word_1_225' title='bbox 1333 2234 1596 2288; x_wconf 88' lang='lat' dir='ltr'><strong>Imperantis</strong></span> 
     </span>
     <span class='ocr_line' id='line_1_32' title="bbox 326 2301 1594 2356; baseline 0.002 -12"><span class='ocrx_word' id='word_1_226' title='bbox 326 2304 459 2344; x_wconf 82' lang='lat' dir='ltr'><strong>filiolo</strong></span> <span class='ocrx_word' id='word_1_227' title='bbox 515 2303 872 2352; x_wconf 76' lang='lat' dir='ltr'><strong>=.dministrantes,</strong></span> <span class='ocrx_word' id='word_1_228' title='bbox 908 2302 1089 2356; x_wconf 88' lang='lat' dir='ltr'><strong>provide</strong></span> <span class='ocrx_word' id='word_1_229' title='bbox 1131 2301 1169 2343; x_wconf 67' lang='grc' dir='ltr'>ἃ</span> <span class='ocrx_word' id='word_1_230' title='bbox 1207 2308 1375 2344; x_wconf 88' lang='lat' dir='ltr'><strong>attente</strong></span> <span class='ocrx_word' id='word_1_231' title='bbox 1411 2304 1594 2346; x_wconf 90' lang='lat' dir='ltr'><strong>circum-</strong></span> 
     </span>
    </p>
   </div>
  </div>
 </body>
</html>
