1835 2672
408 137 450 170 82
617 135 800 170 CAPUT
829 135 1144 179 SECUNDUM,
1180 135 1375 171 SECTJO
1407 137 1459 171 II.

406 235 448 275 id
486 234 627 274 solum
668 234 924 274 Humanum
966 240 1043 282 est,
1082 234 1198 287 quod
1236 248 1261 275 a
1302 235 1465 275 Mentis
1505 242 1662 277 vestrae

405 303 627 343 intellectu
657 303 694 343 Sc
728 303 953 343 voluntate
987 302 1092 343 fluit.
1155 303 1369 343 Praeterea
1403 303 1508 343 nihil
1544 305 1663 357 quic-

405 386 537 425 quam
571 372 676 412 mihi
710 378 757 412 ut
791 385 937 412 meum
970 385 1160 412 asserere
1197 371 1236 412 δε
1270 385 1472 424 arrogare
1508 374 1662 423 ausim,

405 442 486 480 nisi
509 442 626 494 quod
649 455 674 481 a
695 447 840 481 vestro
864 441 907 480 in
936 454 1083 480 meum
1112 441 1254 480 sinum
1283 440 1526 491 delabitur;
1559 455 1661 482 nam

404 510 522 562 quod
546 523 572 550 a
591 510 714 550 vobis
736 522 986 562 possessum
1008 508 1113 548 mihi
1135 509 1449 561 possidendum
1479 509 1661 559 traditis,

404 578 449 618 id
472 579 613 618 solum
636 585 683 619 ut
704 579 926 631 proprium
943 584 1084 626 teneo,
1101 577 1138 617 ἃ
1157 577 1262 617 mihi
1279 579 1485 627 vendico;
1515 592 1661 619 meum

404 648 519 686 enim
552 654 628 696 est,
664 648 765 699 quia
801 647 844 687 id
881 659 968 686 non
1005 646 1145 685 solum
1181 646 1382 698 percipio,
1418 646 1495 686 sed
1528 647 1661 687 etiam

403 717 556 764 sentio,
575 729 675 755 nam
698 730 750 756 eo
770 715 959 755 afficior:
991 714 1029 754 &
1052 714 1153 767 quia
1176 728 1321 754 meum
1346 721 1425 764 est,
1442 715 1546 756 mihi
1565 716 1662 768 jure

403 785 616 834 tribuitur,
639 784 845 837 quicquid
873 798 898 824 a
926 785 1084 823 mentis
1115 790 1270 824 vestrae
1300 784 1394 824 visu
1429 784 1466 824 &
1499 792 1659 825 conatu

403 852 517 892 fluit:
549 866 699 892 verum
721 865 809 892 non
831 865 926 892 sum
949 865 1083 899 meus,
1099 851 1180 891 nisi
1202 853 1283 891 sim
1307 858 1470 903 vester;
1501 860 1661 894 caetera

403 922 445 960 in
474 921 610 969 nobis,
634 935 732 973 quae
760 934 847 960 non
874 920 1097 974 possidere
1126 920 1334 969 videmur,
1357 921 1577 972 pertinent
1603 921 1660 961 ad

403 990 593 1030 Matrem
631 996 823 1029 nostram
856 1001 1146 1036 communem,
1179 1001 1277 1040 quse
1309 988 1428 1036 dura,
1461 989 1536 1029 sed
1565 989 1658 1041 jam

401 1060 544 1107 aurea,
562 1059 833 1098 necessitatis
855 1059 1019 1105 catena,
1042 1057 1257 1106 devincta,
1280 1064 1481 1097 naturam
1504 1058 1658 1110 Regni,

401 1128 527 1167 nobis
550 1127 807 1167 inserviendi
830 1126 986 1175 studio,
1010 1125 1144 1178 regit3
1176 1126 1252 1165 sed
1276 1126 1407 1165 etiam
1438 1126 1531 1179 ipsa
1559 1140 1658 1167 suas

400 1197 675 1236 amaenitates
698 1196 923 1235 nobiscum
946 1195 1252 1244 communicat,
1268 1208 1370 1234 nam
1392 1195 1598 1247 quicquid
1620 1196 1658 1235 ei

372 1265 649 1321 ¹delitiosum
686 1264 724 1304 ἃ
759 1270 932 1317 gratum
968 1263 1156 1311 obvenit,
1194 1263 1236 1302 in
1271 1277 1349 1303 vos
1385 1263 1580 1313 reflectit,
1618 1263 1657 1304 &

399 1333 503 1373 facit
525 1339 572 1372 ut
594 1333 787 1372 fruamur
808 1332 900 1384 ejus
923 1332 1093 1381 delitiis,
1111 1332 1268 1384 quibus
1289 1337 1460 1372 nostras
1482 1333 1657 1373 Mentes

400 1401 438 1441 &
461 1401 735 1449 Voluntates,
757 1406 993 1452 antequam
1015 1400 1056 1439 in
1087 1406 1287 1440 naturam
1316 1413 1440 1440 suam
1470 1414 1543 1440 eas
1572 1401 1658 1440 dis-

399 1470 552 1522 pergit,
575 1470 730 1509 imbuit
753 1469 790 1509 &
810 1469 988 1519 delinit3
1021 1468 1081 1508 sic
1103 1469 1235 1508 etiam
1259 1468 1331 1508 illa
1353 1482 1431 1508 nos
1453 1483 1530 1521 per
1559 1483 1657 1509 sen-

398 1552 495 1578 sum
532 1538 764 1590 exquisitae
799 1538 1062 1577 amaenitatis
1099 1537 1215 1590 ipsas
1258 1537 1486 1577 Bonitates
1528 1537 1657 1578 docet

399 1620 671 1659 cognoscere.
721 1606 871 1659 thue
891 1620 1013 1646 meus
1035 1606 1128 1655 sim,
1151 1619 1176 1645 a
1198 1605 1400 1646 libertate
1423 1606 1497 1646 illa
1518 1606 1655 1656 traho,

398 1678 485 1728 qua
515 1690 590 1729 per
620 1689 696 1716 vos
728 1675 867 1725 fruor;
913 1688 1015 1715 nam
1052 1675 1234 1715 intuitus
1271 1688 1405 1723 meos,
1442 1674 1655 1715 beneficio

397 1751 636 1784 vestrarum
667 1744 896 1792 Mentium,
927 1749 1017 1783 tam
1047 1743 1245 1792 sublime,
1266 1749 1314 1783 ut
1341 1757 1477 1796 usque
1504 1744 1547 1783 in
1577 1743 1654 1784 Pa-

398 1813 502 1853 latia
526 1812 631 1853 Caeli
654 1813 844 1861 evehere,
869 1812 906 1852 &
929 1812 971 1851 in
1000 1812 1212 1852 Divorum
1241 1813 1460 1852 consortia
1487 1812 1653 1863 inferre,

397 1895 596 1934 possum:
623 1882 799 1921 memini
822 1887 1033 1934 tanquam
1053 1894 1109 1921 ex
1128 1880 1218 1920 alto
1235 1893 1402 1929 somno,
1419 1881 1652 1933 quomodo,

397 1964 474 2002 per
496 1951 816 1990 Paradisiacum
841 1950 1029 1998 Ludum,
1045 1963 1070 1989 a
1088 1949 1339 1990 Caelestium
1357 1948 1499 1998 choro,
1516 1963 1654 2002 usque

397 2019 439 2058 in
483 2019 788 2059 Sanctuarium
825 2018 1024 2058 sublatus
1060 2018 1225 2065 fuerim,
1263 2016 1313 2066 ἃ,
1349 2017 1458 2057 sicut
1494 2017 1653 2070 pignus

397 2088 578 2133 unionis,
614 2088 828 2140 Supremo
862 2093 1009 2127 nostro
1041 2087 1241 2127 oblatus:
1285 2086 1473 2126 vicissim
1506 2086 1652 2136 etiarn,

397 2170 473 2209 per
493 2163 658 2196 vestras
683 2156 853 2195 Mentes
877 2155 981 2195 mihi
1004 2155 1104 2195 licet
1134 2155 1176 2194 in
1208 2154 1374 2194 medias
1403 2154 1589 2194 Telluris
1611 2155 1649 2196 &

399 2226 590 2266 Paradisi
616 2225 911 2277 jucunditates
941 2225 1087 2264 animo
1117 2224 1272 2273 delabi,
1296 2223 1333 2264 &
1363 2224 1435 2272 sic,
1459 2237 1650 2276 quocun-

397 2308 479 2347 que
501 2294 630 2343 lubet,
651 2307 818 2333 sursum
840 2293 927 2333 sive
950 2293 1164 2342 deorsum,
1180 2292 1438 2345 prospicere,
1461 2292 1498 2333 &
1520 2306 1648 2346 quos-
