1783 2760
564 728 763 768 SECTIO
802 729 1079 776 SECUNDA,

211 832 324 885 DE
380 831 791 886 INFANTIA
847 833 1427 898 PRIMOGENITI,

645 958 731 1000 Seu
771 957 998 998 ADAMI.

787 1076 849 1118 39-

453 1157 610 1197 EDIA
645 1163 736 1198 erat
774 1171 876 1206 nOX,
913 1157 950 1198 &
987 1157 1093 1199 Caeli
1125 1158 1277 1209 sidera,
1314 1159 1446 1200 etiam

478 1227 601 1279 quasi
623 1226 894 1279 applausum,
913 1227 1006 1279 jam
1030 1240 1115 1267 non
1145 1227 1282 1267 nitida
1309 1227 1447 1280 fulge-

194 1154 443 1401 ffl
476 1294 582 1335 bant
610 1294 714 1344 face,
736 1294 812 1334 sed
840 1295 1031 1347 quodam
1058 1294 1264 1335 flammeo
1292 1295 1447 1348 jubare

475 1363 784 1413 coruscabant;
806 1363 936 1403 etiam
955 1363 1104 1404 sistere
1117 1364 1329 1405 ardebant
1346 1379 1446 1406 suos

189 1430 335 1483 lapsus
363 1431 419 1471 ad
447 1445 658 1481 occasum,
681 1445 831 1472 verum
861 1431 1035 1472 Aurora
1067 1432 1110 1472 in
1142 1446 1268 1472 suum
1300 1439 1444 1474 ortum

189 1500 398 1540 festinans
432 1499 602 1552 fulgura
637 1499 710 1540 illa
746 1500 1017 1549 attenuabat,
1048 1499 1086 1540 81
1122 1507 1319 1541 actutum
1354 1502 1444 1542 Soli

187 1568 410 1620 aperiebat
431 1568 560 1607 diem.
622 1568 974 1609 Circumstabant
999 1568 1186 1619 Caelites
1208 1575 1256 1610 ut
1278 1570 1443 1620 dictum

188 1642 265 1685 est,
285 1636 323 1676 ἃ
339 1636 427 1676 suis
449 1635 682 1676 flammulis
704 1637 914 1685 vitabant,
933 1650 987 1677 ne
1009 1637 1115 1677 radii
1138 1637 1248 1677 alius
1268 1638 1444 1679 luminis

188 1704 374 1757 primam
402 1703 530 1757 hujus
559 1704 651 1757 ejus
681 1705 783 1745 vitae
815 1704 956 1745 lucem
990 1705 1300 1746 accenderent:
1335 1706 1445 1747 laeti-

189 1771 329 1812 ficatae
349 1773 493 1822 etiam,
508 1774 625 1825 quod
643 1773 875 1823 Infantem,
892 1773 1074 1814 Generis
1090 1774 1224 1814 totius
1245 1774 1442 1815 Humani

189 1840 531 1894 Primogenitum
549 1840 586 1882 &
603 1841 749 1894 Spem,
768 1842 1081 1895 conspicarent,
1096 1843 1251 1895 supino
1267 1850 1443 1896 pectore

189 1908 228 1950 81
263 1923 345 1960 ore,
380 1910 539 1950 teneris
577 1911 848 1963 complicatis
889 1910 927 1951 &
969 1911 1023 1951 ad
1064 1911 1219 1951 caelum
1261 1912 1444 1953 sublatis

188 1977 355 2030 palmis,
378 1978 623 2028 cubantem,
646 1978 805 2019 labella
833 1993 1006 2032 quoque
1035 1980 1325 2029 motitantem,
1348 1987 1443 2021 tan-

188 2060 319 2099 quam
350 2047 612 2100 Supremum
642 2047 924 2088 Conditorem
956 2061 1169 2101 suumque
1202 2049 1442 2097 Parentem,

188 2116 268 2155 sub
283 2115 426 2168 specie
440 2116 680 2168 purissimae
691 2116 927 2169 gratiarum
941 2116 1136 2163 actionis,
1152 2117 1269 2169 quod
1286 2117 1443 2157 Mundi

188 2183 409 2236 opificium
431 2184 473 2223 in
495 2197 541 2224 se
558 2184 650 2236 jam
672 2184 988 2236 complevisset,
1012 2198 1098 2225 non
1122 2191 1269 2225 mente
1291 2185 1443 2235 solum,

189 2252 264 2291 sed
281 2252 412 2292 etiam
431 2253 622 2305 quodam
638 2253 789 2294 habitu
809 2252 847 2293 &
863 2254 1066 2294 consocio
1081 2260 1207 2306 gestu
1226 2254 1442 2308 Corporis

188 2327 471 2362 veneraretur.
