1783 2760
434 149 513 182 DE
535 125 818 197 'INFANTIA
855 148 1239 183 PRIAIOGENITI.
1422 158 1468 194 99

211 247 316 287 mihi
345 260 446 300 gere
473 246 618 295 fidem,
652 259 753 286 nam
787 260 865 286 nos
898 252 941 286 te
970 246 1241 296 oculatiores,
1273 247 1374 299 quia
1408 247 1467 288 ibi

211 317 355 363 etiam,
389 328 561 355 sumus:
602 314 769 355 Anima
798 321 963 363 nostra,
997 328 1094 367 quae
1128 316 1171 355 in
1208 316 1371 356 intimis
1404 317 1467 356 tui

213 384 417 437 Corporis
451 389 527 432 est,
561 397 586 423 a
623 384 838 436 supremis
871 384 959 423 suis
996 384 1128 423 etiam
1166 384 1468 434 minutissima,

211 466 311 506 quae
338 453 381 492 in
411 452 566 504 Regno
598 451 690 504 ejus
717 458 917 503 aguntur,
949 451 986 492 δε
1019 452 1139 492 videt
1171 451 1208 492 ἃ
1244 453 1376 492 sentit
1390 453 1468 503 (t);

211 535 311 562 cum
332 535 433 562 vero
454 521 509 561 ad
531 527 586 569 te,
602 534 676 560 seu
698 521 837 560 visum
860 535 998 570 suum,
1016 527 1063 561 ut
1085 521 1218 560 etiam
1239 526 1286 561 tu
1308 521 1470 569 videas

211 596 422 643 tanquam
445 603 522 642 per
542 589 680 629 scalas
710 589 747 629 ἃ
774 590 945 642 graduS,
968 589 1220 639 descendit3
1250 590 1355 641 quid
1382 602 1469 629 non

214 658 305 708 Ille,
321 659 395 712 qui
415 664 481 698 est
497 658 538 697 in
557 657 721 697 intimis
738 657 852 710 ejus:
884 658 959 698 sed
977 664 1042 698 est
1060 659 1192 698 etiam
1210 658 1250 697 in
1270 658 1469 707 extimis;

210 741 361 768 verum
403 727 484 767 nisi
526 726 653 765 Mens
693 732 854 775 nostra,
893 727 1002 767 sicut
1048 727 1196 779 janua,
1238 727 1470 767 introrsum

213 796 410 843 flectitur,
440 809 526 836 non
555 801 737 848 apparet
754 807 763 843 3
797 802 951 836 natura
978 797 1093 836 enim
1123 809 1261 849 opaca
1287 802 1364 845 est,
1392 809 1471 836 nec

261 929 308 973 (t)
338 929 381 963 Id
399 930 446 963 ab
461 930 630 964 omnibus
646 929 899 974 phaenomenis
917 928 1088 972 Corporis
1102 927 1217 962 nostri
1234 928 1358 972 liquet,
1373 928 1473 972 quod

212 985 350 1018 Anima
367 985 417 1018 ita
435 997 541 1019 suum
567 986 709 1029 Corpus
732 984 904 1028 organice
927 983 1148 1025 formaverit,
1166 989 1215 1026 ut,
1235 983 1411 1027 quicquid
1436 983 1471 1016 in

213 1040 292 1084 ejus
307 1041 489 1083 extremis,
503 1041 661 1082 extimis,
675 1046 736 1073 aut
751 1040 943 1073 Viscerum
957 1038 1069 1080 cavis,
1084 1038 1287 1082 horumque
1301 1038 1478 1072 meatulis·

215 1095 248 1129 δε
281 1096 392 1140 poris,
426 1095 617 1139 contingit,
645 1095 790 1136 resciat,
825 1094 976 1135 scilicet,
1005 1099 1044 1127 ut
1076 1104 1098 1126 a
1127 1093 1246 1137 primo
1277 1093 1362 1127 vitae
1397 1104 1472 1126 suae

213 1157 414 1195 momento,
440 1151 565 1185 omnia
590 1151 622 1185 S:
649 1150 803 1193 singula,
827 1149 895 1183 sub
921 1148 1085 1192 auspicio
1113 1159 1189 1191 suo,
1207 1154 1340 1191 teneat,
1360 1148 1392 1182 δι
1418 1160 1472 1182 se-

214 1206 375 1240 cundum
410 1206 661 1250 contingentia
690 1206 872 1249 disponat.
934 1203 1043 1247 Quod
1073 1203 1236 1237 omnium
1267 1214 1396 1237 sensus
1426 1204 1474 1237 ad

215 1261 378 1294 animam
396 1261 535 1304 influat,
547 1261 585 1294 id
599 1261 646 1294 ab
660 1259 862 1293 harmoniis
876 1259 1081 1301 modorum,
1096 1269 1188 1302 quos
1209 1258 1317 1292 Mens
1336 1265 1472 1297 nostra,

213 1327 320 1361 aeque
352 1322 438 1350 ante
470 1327 513 1349 ac
547 1321 630 1360 post
663 1315 719 1349 sui
751 1314 962 1348 Intellectus
992 1313 1265 1357 perfectionem,
1295 1320 1334 1347 ut
1365 1325 1474 1357 supra

214 1372 450 1406 observatum
468 1377 534 1413 est,
554 1370 758 1411 subsentit3
787 1370 819 1403 δε
837 1380 858 1402 a
878 1369 1144 1403 mutationibus
1168 1375 1285 1402 status
1308 1369 1473 1402 omnium

214 1427 418 1470 Viscerum,
453 1437 599 1469 prorsus
633 1425 836 1459 secundum
870 1424 998 1458 omnes
1033 1423 1324 1467 contingentium
1362 1424 1471 1465 vices,

214 1482 314 1527 quod
339 1481 574 1515 manifestum
601 1481 740 1515 sistitur
766 1480 802 1513 in
830 1479 1055 1522 Ventriculo,
1085 1479 1286 1522 Intestinis,
1314 1480 1473 1524 Hepate,

216 1537 391 1578 Renibus,
410 1536 442 1571 δε
461 1536 602 1571 caeteris
621 1549 628 1577 ;
654 1536 803 1579 insuper
820 1535 931 1569 etiam
950 1545 972 1567 a
989 1534 1089 1567 fibris
1107 1534 1196 1578 ejus,
1216 1545 1298 1579 quae
1325 1546 1472 1569 omnem

214 1592 428 1636 organicum
457 1598 595 1626 textum
625 1591 844 1635 designant;
881 1590 952 1623 illae
981 1595 1065 1623 sunt
1095 1589 1171 1633 ejus
1198 1589 1314 1631 radii3
1346 1602 1472 1635 quare,

214 1648 422 1691 ubicunque
447 1647 499 1680 illi
525 1652 620 1690 sunt,
639 1646 719 1691 ipsa
744 1646 856 1679 etiam
882 1652 937 1679 est
963 1655 1137 1688 praesens,
1156 1655 1219 1678 seu
1245 1656 1267 1678 a
1293 1646 1472 1689 supremis

216 1703 302 1746 suis,
327 1702 389 1736 ubi
416 1701 597 1746 principia
622 1701 760 1744 statuit,
785 1700 916 1734 videns
942 1700 974 1733 &
1001 1699 1187 1734 sentiens:
1221 1700 1258 1733 in
1283 1700 1472 1745 principiis

215 1756 326 1798 enim,
344 1755 417 1798 illa,
436 1755 473 1788 in
499 1753 774 1798 simplicissima
799 1764 865 1786 sua
890 1752 1008 1785 forma
1033 1752 1179 1795 residet,
1197 1759 1236 1786 ut
1260 1763 1302 1786 ex
1321 1753 1375 1794 iis,
1394 1760 1473 1786 tan-

216 1822 328 1855 quam
345 1810 492 1852 centris,
510 1815 628 1843 totum
647 1819 753 1842 suum
773 1808 953 1851 Regnum,
972 1807 1004 1841 ἃ
1023 1807 1215 1841 continuas
1234 1808 1473 1852 peripherias,

217 1865 415 1910 prospiciat
433 1865 465 1899 &
482 1871 594 1908 regat.
632 1863 740 1908 Quod
758 1863 878 1897 omnis
896 1863 999 1905 fibra,
1018 1873 1080 1896 seu
1100 1863 1236 1905 radius,
1255 1863 1301 1898 sit
1320 1864 1473 1898 actualis

217 1921 433 1963 substantia,
451 1920 500 1954 ad
518 1920 717 1963 imaginem
736 1919 790 1952 sui
814 1917 996 1963 principii,
1014 1929 1057 1952 ex
1081 1929 1152 1962 quo
1177 1918 1265 1961 fluit,
1283 1919 1474 1957 formatus,

216 1976 311 2010 infra
343 1976 441 2010 clare
474 1974 795 2009 demonstrabitur.
857 1974 950 2007 Cum
984 1973 1107 2017 itaque
1141 1974 1278 2007 Anima
1312 1985 1354 2007 ex
1389 1975 1473 2008 sim-

217 2031 427 2076 plicissimis
451 2031 525 2065 suis
549 2030 661 2072 fibris,
680 2036 765 2064 tunc
792 2028 902 2063 sentit
927 2040 970 2062 ex
995 2029 1144 2073 intimis,
1163 2035 1200 2062 at
1226 2040 1311 2063 vero
1338 2030 1426 2064 dum
1451 2042 1474 2063 a

220 2087 347 2120 formis
367 2098 409 2120 ex
427 2097 466 2120 se
485 2097 550 2119 seu
568 2085 660 2118 fibra
679 2085 744 2118 sua
762 2083 962 2128 productiS,
979 2089 1065 2118 tunc
1084 2096 1156 2118 non
1174 2085 1223 2118 ab
1241 2085 1391 2128 intimis,
1407 2086 1473 2119 sed

219 2141 267 2175 ab
284 2141 339 2185 iis,
357 2152 439 2185 quae
457 2147 557 2174 extra
574 2146 637 2174 aut
655 2139 749 2173 infra
767 2150 807 2173 se
825 2145 908 2173 sunt
926 2151 932 2172 z
959 2150 1046 2172 nam
1063 2150 1190 2174 omnes
1211 2140 1356 2174 Formae
1374 2152 1474 2174 com-

219 2197 348 2241 positae
373 2203 458 2231 sunt
482 2195 699 2230 substantia:
717 2206 781 2239 per
799 2206 848 2238 se,
867 2195 899 2228 &
920 2194 995 2228 suis
1020 2195 1176 2239 propriis
1194 2196 1357 2239 gaudent
1382 2206 1474 2240 prae-

220 2251 361 2294 dicatis,
387 2263 541 2296 quarum
566 2258 690 2285 tamen
716 2250 845 2284 intima
870 2256 1052 2294 occupat;
1087 2251 1157 2285 hac
1177 2251 1319 2285 ratione
1342 2250 1474 2285 dicitur

220 2306 282 2340 illa
300 2306 347 2340 ad
365 2307 495 2340 Visum
513 2317 617 2340 suurn
634 2305 731 2340 exire
748 2305 804 2340 vel
822 2305 1054 2340 descendere.
