1835 2672
345 154 406 189 152
539 143 722 178 CAPUT
751 143 1071 188 SECUNDUM,
1102 142 1295 178 SECTIO
1326 141 1401 178 Ill.

339 251 540 298 portam;
574 259 623 286 ac
645 245 703 285 ibi
727 258 903 285 omnem
931 245 1023 299 ejus
1051 245 1236 294 turbam,
1260 259 1392 298 quam
1422 243 1599 294 excitat,

340 314 567 368 perspicue
587 314 766 365 vident;
798 328 823 354 a
845 315 1054 368 superiori
1082 315 1211 364 enirn,
1231 316 1342 355 sicut
1370 328 1395 354 a
1423 313 1600 367 specula

341 383 469 436 rupis,
492 383 651 432 omnia,
676 397 774 436 quae
804 383 914 423 infra
947 383 1066 433 fiunt,
1100 397 1186 424 non
1219 390 1367 431 autem
1397 383 1600 432 vicissim,

340 452 690 505 prospiciuntur:
741 453 817 492 sed
870 452 1006 492 relata
1056 452 1223 503 refer0;
1275 453 1436 502 dicunt,
1483 451 1601 504 quod

341 521 528 560 similem
568 526 733 561 statum
781 521 958 573 Imperii
1011 521 1195 562 devictae
1242 521 1383 561 Menti
1435 520 1603 569 inferat,

342 603 472 643 quem
517 590 610 643 ipse
651 589 898 629 intenderat
940 589 1088 640 Cae10;
1138 603 1189 630 ac
1229 590 1417 630 similem
1459 588 1604 638 Atrio,

342 673 472 712 quem
496 659 588 711 ipse
610 658 652 698 in
675 672 754 698 suo
778 657 995 698 Universo
1017 665 1281 711 occupatum
1304 664 1435 699 tenet.
1478 657 1605 697 Men-

339 734 430 768 tem
464 729 579 768 enim
612 727 892 781 subjugatam
925 734 1053 768 vocat
1083 741 1210 768 suum
1246 727 1489 781 Olympum
1527 741 1602 767 seu

343 797 523 845 Caelum,
547 810 645 849 quae
666 798 768 849 quia
790 796 955 849 effigies
979 803 1045 836 est
1073 797 1217 849 Regni
1247 796 1425 836 Amoris
1455 796 1604 845 nostri,

342 866 385 906 in
406 867 603 906 animum
626 879 753 906 suurn
776 865 956 914 inducit,
980 865 1097 918 quod
1124 866 1266 918 ipsum
1296 865 1477 914 Caelum,
1497 864 1603 905 dum

342 941 500 987 typum
535 934 639 986 ejus,
673 934 880 974 invaserit
915 948 966 974 ac
1001 935 1237 987 possideat,
1266 934 1472 987 quodque
1507 933 1605 974 loco

343 1003 435 1056 ejus
476 1009 696 1056 sceptrum
736 1003 872 1043 totius
913 1009 1086 1054 teneat;
1131 1003 1243 1043 ludit
1284 1004 1400 1043 enim
1442 1002 1606 1044 similes

342 1072 468 1113 ludos
489 1073 532 1112 in
556 1072 715 1121 Parvis,
734 1085 909 1125 prorsus
930 1072 1040 1112 sicut
1061 1071 1197 1112 voluit
1220 1073 1262 1112 in
1280 1072 1446 1125 Magno
1466 1087 1475 1112 2
1504 1071 1607 1112 inde

343 1141 483 1194 qualis
515 1141 717 1182 Universi
750 1147 890 1182 status
921 1140 1090 1181 futurus
1122 1147 1247 1191 esset,
1274 1141 1308 1181 si
1340 1142 1433 1194 ipse
1464 1154 1605 1181 rerum

343 1212 509 1265 potitus
523 1209 819 1263 gubernacula
836 1210 1031 1259 rexisset,
1047 1210 1213 1263 liquido
1231 1216 1430 1251 constare
1445 1215 1606 1263 potest;

342 1293 516 1332 prorsus
539 1280 656 1319 enim
684 1278 872 1331 effigiem
901 1279 966 1319 sui
995 1279 1037 1318 in
1067 1279 1297 1331 parvulum
1322 1278 1405 1319 hoc
1437 1278 1607 1321 Caelum

343 1348 601 1389 transcribit.
643 1347 765 1387 Audi
789 1348 937 1400 itaque
960 1348 1158 1388 ordinem
1180 1362 1229 1388 ac
1253 1348 1449 1397 formam,
1472 1361 1606 1401 quam

345 1418 604 1458 introducit:
636 1417 726 1470 ipse
745 1416 875 1470 plane
892 1417 947 1457 ad
966 1417 1193 1457 imitamen
1214 1416 1410 1457 Caelestis
1430 1416 1607 1470 Imperii

345 1488 425 1528 sibi
453 1493 680 1540 comparat
709 1486 1029 1539 Intelligentias
1057 1500 1107 1526 ac
1137 1486 1397 1539 Sapientias,
1421 1499 1606 1539 quarum

346 1557 578 1609 unicuique
593 1543 829 1608 imaginem
847 1556 911 1595 sui
927 1555 1049 1604 indit,
1066 1555 1142 1595 sed
1159 1568 1267 1608 quas
1283 1556 1430 1608 potius
1444 1555 1609 1601 diceres

348 1625 559 1673 Insanias,
578 1625 742 1677 quippe
759 1630 886 1663 natas
909 1623 946 1663 &
969 1623 1205 1676 productas
1225 1623 1281 1663 ab
1303 1623 1394 1675 ejus
1416 1624 1608 1664 veritati-

346 1695 439 1743 bus,
472 1707 569 1747 quae
602 1707 689 1733 non
722 1699 822 1733 sunt
854 1693 934 1732 nisi
967 1691 1180 1732 falsitates
1212 1691 1249 1732 &
1283 1692 1607 1745 malignitates;

347 1764 463 1817 ipsas
492 1763 607 1802 enirn
641 1761 781 1811 Ideas,
805 1762 847 1801 in
879 1775 1163 1814 quascunque
1192 1761 1297 1801 libet
1325 1760 1498 1808 formas.
1522 1761 1609 1801 dis-

348 1832 486 1886 pescit
518 1831 556 1871 ἃ
587 1831 838 1884 componit;
871 1844 973 1870 nam
1005 1830 1156 1870 formae
1188 1844 1213 1870 a
1245 1830 1610 1870 determinatione

348 1899 528 1941 trahunt
558 1913 733 1939 ornnem
766 1913 890 1939 suam
923 1905 1136 1948 naturam,
1162 1898 1200 1939 &
1232 1913 1257 1939 a
1289 1904 1443 1939 natura
1475 1898 1609 1939 facul-

348 1975 486 2010 tatem
519 1967 557 2008 &
594 1968 774 2008 modum
812 1968 997 2021 agendi;
1045 1967 1297 2020 unaquaevis
1334 1967 1449 2007 enim
1488 1967 1607 2016 Idea,

350 2051 452 2078 nam
481 2037 668 2090 stupidae
696 2043 806 2086 sunt,
829 2051 874 2077 se
905 2037 1136 2089 unicuique
1168 2035 1319 2076 formae
1351 2036 1536 2088 inaptari
1569 2035 1608 2077 81

350 2106 473 2160 quasi
497 2105 705 2146 inoculari
727 2107 901 2158 patitur,
925 2106 1036 2145 sicut
1059 2105 1354 2157 unusquisque
1377 2104 1494 2145 color
1515 2105 1609 2145 uni-

318 2225 323 2231 ·
350 2176 505 2229 cuique
526 2175 654 2228 pictae
677 2175 869 2227 imagini,
891 2181 965 2215 aut
994 2173 1246 2226 unaquaevis
1266 2172 1422 2214 vocula
1443 2172 1609 2213 unicui-

351 2259 435 2298 que
466 2244 677 2285 sermonis
711 2243 904 2284 articulo.
967 2244 1039 2283 Ex
1078 2242 1384 2295 Intelligentiis
1417 2242 1510 2282 istis
1545 2242 1607 2282 in-

350 2313 477 2365 sanis,
501 2326 598 2367 quae
620 2312 676 2354 ad
698 2312 896 2354 lucernas
919 2311 957 2353 &
980 2325 1125 2353 cereos
1146 2311 1309 2362 vivunt,
1333 2324 1382 2352 ac
1403 2310 1445 2351 in
1475 2310 1606 2352 furvis
