1783 2760
432 142 511 177 DE
542 142 739 178 AMORE
772 142 1156 178 PRMIOGENJTJ.
1363 150 1427 187 159

172 239 210 282 ἃ
233 241 350 295 quod
379 248 562 294 utraque
589 241 692 281 Vita
719 241 785 290 sit,
808 241 910 293 quia
939 247 1123 293 utraque
1154 239 1427 293 Spiritualis;

169 324 248 351 nec
269 310 360 350 Vos
382 310 502 362 fugit,
521 310 639 362 quod
656 308 759 348 Vita
782 309 855 348 illa
877 309 993 361 prior
1015 322 1089 349 seu
1114 308 1321 354 Caelestis,
1341 322 1428 349 non

169 380 250 419 nisi
272 392 402 431 quam
426 378 479 418 de
502 377 621 419 Caelo
645 379 762 417 recta
784 378 827 416 in
851 377 1025 417 Mentes
1048 384 1217 416 nostras
1248 377 1428 427 influat;

158 446 304 487 altera
339 447 517 500 quidem
560 446 691 486 etiam
734 445 789 485 de
831 444 963 494 Caelo,
1007 446 1083 485 Sed
1125 459 1210 485 non
1253 446 1427 494 directe,

167 515 329 567 quippe
349 528 426 568 per
448 514 578 554 aliam
599 527 768 563 venam,
791 515 851 554 sic
872 514 1073 563 mediate,
1098 514 1208 553 sicut
1229 514 1360 553 etiam
1384 515 1427 553 in

167 582 353 622 serarum
394 582 582 622 Animos
602 596 609 623 :
658 596 757 622 cum
794 582 888 634 jam
931 582 1148 622 Mentium
1184 588 1426 622 vestrarum

162 650 297 702 janua
319 665 405 691 non
429 652 470 691 in
495 651 673 700 Caelum,
697 652 773 691 sed
797 651 929 691 modo
952 651 994 690 in
1024 651 1252 700 Mundum,
1276 657 1428 704 aperta

167 720 223 760 sit
246 720 282 760 81
305 726 483 773 pateat;
513 734 588 760 seu
618 734 717 760 cum
747 721 879 760 cardo
907 719 1020 760 illius
1045 720 1192 772 januae
1220 720 1281 760 ita
1310 721 1426 772 posti

167 802 245 828 suo
274 794 468 828 accretus
498 789 564 838 sit,
586 795 634 829 ut
667 789 793 829 Mens
825 802 911 828 non
944 789 1024 828 nisi
1056 802 1184 841 quam
1221 788 1426 828 deorsum

167 863 363 909 spectare
385 862 544 910 queat;
577 857 615 897 ἃ
641 871 740 897 cum
770 871 824 897 ne
852 857 1029 910 quidem
1062 857 1243 896 minima
1271 857 1426 897 rimula

168 926 233 974 sit,
257 939 334 978 per
354 939 486 978 quam
510 925 593 965 luci
616 925 777 965 caelesti
800 939 876 978 per
897 939 1023 965 suum
1047 925 1267 965 tramitem
1294 939 1426 978 pene·
1480 980 1482 982 Ι

166 993 310 1033 trandi
334 994 462 1034 datur
483 994 619 1046 copia,
644 994 863 1034 undenam
893 1000 996 1034 tunc
1019 999 1161 1033 vestra
1181 994 1317 1034 Vita?
1349 1007 1425 1034 seu

167 1075 244 1114 per
275 1075 407 1114 quam
445 1068 616 1115 portam
653 1062 884 1102 admittitis
921 1068 1076 1102 vestrae
1111 1063 1211 1102 vitae
1250 1063 1392 1102 radios
1411 1062 1425 1102 ?

168 1130 278 1171 forte
301 1130 453 1178 dicitis,
472 1144 548 1183 per
569 1144 848 1171 communem
872 1130 1003 1180 illam,
1021 1144 1093 1171 seu
1118 1144 1195 1184 per
1216 1144 1363 1171 aurem
1386 1130 1425 1171 δε

166 1198 366 1249 oculum;
398 1200 474 1239 sed
505 1200 619 1239 unde
646 1205 750 1239 tunc
783 1201 901 1240 venit
934 1205 1058 1247 tanta
1091 1199 1246 1240 umbra
1281 1213 1423 1240 rerum

167 1267 445 1308 Caelestium?
478 1268 515 1308 δι
537 1268 651 1307 unde
674 1268 831 1321 frigora
854 1268 891 1308 ἃ
910 1268 1191 1308 oscitationes
1209 1268 1264 1308 ad
1282 1268 1422 1308 solam

166 1336 431 1375 mentionem
460 1336 577 1376 Vitae
606 1337 866 1389 superioris?
899 1338 1014 1377 unde
1042 1342 1133 1376 tam
1164 1336 1343 1386 fluxam,
1372 1350 1424 1377 ac

165 1404 199 1443 si
222 1405 424 1444 intimum
447 1405 576 1445 vestri
599 1405 835 1453 consulitis,
853 1405 1017 1445 nullam
1039 1405 1188 1458 geritis
1207 1405 1348 1453 fidem,
1369 1406 1423 1446 de

165 1472 332 1512 Amore
353 1478 510 1521 nostro,
527 1473 581 1512 de
602 1473 694 1525 ejus
719 1473 848 1522 Caelo,
864 1473 919 1513 de
936 1473 1111 1513 Animae
1130 1473 1273 1513 futuro
1290 1479 1422 1522 statu,

163 1553 214 1580 ac
237 1540 291 1580 de
314 1540 404 1593 ejus
426 1540 721 1581 AEternitate?
753 1541 845 1581 haec
868 1542 1014 1581 omnia
1032 1542 1422 1595 pellucerent,tan-

164 1622 294 1661 quam
331 1622 407 1661 per
440 1609 724 1649 clarissimam
756 1623 990 1662 gemmam,
1021 1611 1055 1649 si
1087 1610 1224 1650 altera
1256 1610 1423 1651 reclusa

163 1683 298 1717 staret
314 1677 457 1729 janua.
522 1676 634 1717 Cum
657 1678 803 1730 itaque
826 1677 910 1727 illa,
933 1692 1029 1730 quae
1053 1679 1248 1718 omnium
1278 1693 1420 1720 rerum

164 1745 411 1786 essentialia
437 1751 546 1793 sunt,
577 1746 620 1785 in
649 1747 774 1786 tanta
806 1747 1063 1799 ignorantiae
1096 1747 1262 1797 umbra,
1294 1761 1345 1787 ac
1377 1748 1419 1787 in

162 1819 287 1854 tanto
308 1814 475 1867 frigore,
494 1814 663 1867 sepulta
680 1814 839 1866 jacent,
857 1829 880 1854 a
899 1829 985 1867 quo
1002 1821 1104 1855 tunc
1123 1815 1242 1855 fonte
1263 1816 1421 1857 ducitis

162 1881 263 1922 vitae
283 1888 439 1922 vestrae
461 1884 574 1922 rivos
593 1897 601 1932 ;
633 1896 746 1922 anne
768 1889 873 1922 tunc
891 1883 947 1922 ab
965 1897 1028 1932 eo,
1043 1884 1109 1923 cui
1127 1883 1224 1936 plus
1242 1885 1419 1933 umbrae,

162 1964 294 2003 quam
328 1950 443 1999 lucis,
467 1951 564 2003 plus
596 1951 764 2002 frigoris
796 1964 928 2003 quam
959 1951 1124 2001 caloris,
1149 1952 1191 1992 id
1225 1960 1301 2002 est,
1323 1953 1419 2006 plus

163 2020 313 2060 mortis
335 2034 467 2072 quam
490 2021 603 2069 vitae,
626 2020 736 2060 inest
756 2036 762 2061 :
795 2020 1102 2070 confiteamini,
1127 2035 1228 2061 nam
1252 2022 1293 2062 id
1324 2036 1420 2062 sen-

161 2088 241 2127 tire
262 2089 456 2140 potestis,
479 2101 533 2128 an
556 2088 637 2128 hoc
657 2088 799 2128 vivere
822 2088 1056 2128 dicendum
1078 2090 1143 2130 sit.
1197 2091 1420 2131 Revocate

163 2156 206 2195 in
244 2156 415 2196 Mentes
454 2163 635 2205 vestras,
671 2157 846 2196 tametsi
871 2156 1019 2197 ⁴fidem
1056 2158 1178 2198 istius
1214 2159 1273 2198 rei
1309 2159 1419 2199 forte

164 2224 295 2264 etiam
318 2224 574 2277 abjeceritis,
596 2225 712 2277 quod
737 2225 797 2265 ita
820 2239 844 2265 a
876 2225 1091 2279 Supremo
1121 2234 1269 2267 nostro
1298 2228 1419 2268 insti-

165 2298 308 2333 tutum
342 2294 408 2344 sit,
442 2300 489 2334 ut
524 2294 628 2334 Vita
666 2294 771 2336 Caeli
809 2295 852 2334 in
890 2295 1104 2335 Naturam
1142 2296 1308 2345 Mundi,
1342 2310 1419 2349 per
