1835 2672
368 161 434 198 154
564 152 748 188 CAPUT
778 152 1096 197 SECUNDUM,
1129 153 1324 188 SECTJO
1356 153 1431 187 Ill.

365 251 539 302 favent;
587 252 625 292 &
661 265 738 305 per
773 265 872 292 suas
911 251 1170 304 sapientias,
1206 251 1318 293 sicut
1355 251 1451 291 illas
1486 245 1627 301 vocat,

364 321 512 360 omnia
530 321 721 374 disponit
738 321 893 370 media,
910 334 960 361 ac
977 320 1180 360 libidines
1198 334 1345 360 earum
1363 333 1450 360 non
1467 319 1629 372 frangit

364 403 439 430 seu
462 389 517 429 ad
539 389 781 443 superiores
803 403 905 430 usus
932 389 1165 442 restringit,
1188 389 1299 429 sicut
1330 388 1434 437 Nos,
1459 387 1536 428 sed
1564 388 1634 428 in-.

364 459 528 498 cendiis
552 458 815 508 inflammat;
849 471 899 498 ac
920 457 1137 499 voluntati
1160 457 1343 498 remittit
1359 457 1565 506 habenas,
1579 462 1628 496 ut

364 527 513 567 omnia
539 527 776 567 secundum
807 541 946 567 caecos
974 526 1146 567 illorum
1180 526 1369 579 impetus
1403 526 1446 565 in
1480 532 1644 574 actum,

364 602 503 636 ruant.
545 595 660 635 Tum
679 596 811 635 etiam
829 595 1012 635 sollicite
1029 594 1067 635 ἃ
1085 595 1400 648 circumspecte
1416 595 1629 648 providet,
1667 632 1671 636 ,
1723 627 1726 630 -

365 676 419 703 ne
442 663 547 716 quid
577 678 623 704 se
651 664 737 704 alte
767 664 968 713 insinuet,
989 663 1107 716 quod
1137 664 1330 716 aliquam
1362 664 1628 716 superiorem

365 732 506 773 lucem
537 739 741 786 apportat
760 747 775 783 ;·
801 746 933 785 quam
963 732 1091 782 illico,
1113 733 1304 773 accensis
1333 733 1421 773 suis
1451 732 1629 778 facibus,

365 802 608 854 exstinguit
627 815 634 842 :
666 801 950 854 utplurimum
974 802 1107 841 etiam
1130 801 1280 841 sceleri
1302 801 1505 854 adjungit
1531 815 1631 854 pru-

365 870 575 919 dentiam,
597 871 708 910 sicut
731 883 868 922 nuper
889 884 914 910 a
938 883 1007 910 me
1036 876 1258 910 narratum
1288 869 1503 919 audivisti,
1527 883 1630 910 nam

365 939 576 979 consultis
598 939 685 979 suis
707 939 820 978 dolis
843 951 995 978 omnes
1025 937 1250 978 machinas
1277 951 1454 978 movere
1483 939 1630 988 novit;

364 1006 561 1060 hospites
603 1007 726 1047 istius
762 1007 878 1056 lucis,
911 1020 989 1059 per
1022 1006 1167 1060 plures
1203 1006 1383 1047 semitas
1420 1021 1470 1047 ac
1507 1006 1631 1060 laby-

365 1076 558 1117 rintheas
591 1076 810 1129 ambageS,
845 1076 964 1116 ducit
1003 1075 1040 1116 &
1078 1075 1282 1116 abducit:
1315 1089 1448 1128 seque
1483 1075 1629 1125 etiam,

365 1145 475 1185 sicut
507 1145 791 1194 Vertumnus,
825 1146 867 1185 in
904 1145 1057 1194 varias,
1092 1145 1223 1197 inque
1257 1144 1465 1185 Caelestes
1492 1150 1632 1184 trans-

364 1214 525 1255 format
554 1214 778 1266 imagines,
803 1213 841 1254 &
869 1227 946 1267 per
973 1213 1193 1266 speciosas
1223 1213 1632 1266 repraesentationes

365 1285 534 1324 tamdiu
558 1284 705 1332 eludit,
729 1284 835 1324 dum
858 1297 930 1323 eas
952 1283 1086 1323 etiam
1109 1283 1152 1323 in
1175 1296 1276 1323 suas
1298 1282 1460 1322 formas
1491 1288 1632 1322 trans-

365 1353 572 1406 cripserit,
605 1366 654 1392 ac
687 1353 775 1392 suis
809 1352 1118 1405 Intelligentiis
1148 1351 1454 1392 associaverit:
1500 1356 1632 1403 atque

366 1422 530 1462 interea
560 1435 636 1474 per
662 1435 762 1461 suos
791 1421 944 1474 genios
973 1434 1150 1460 omnem
1179 1433 1354 1460 sensum
1382 1419 1630 1459 delitiarum

365 1490 641 1539 naturalium,
663 1490 800 1542 iisque
822 1489 990 1529 fruendi
1014 1489 1274 1537 libertatem,
1296 1489 1490 1540 inspirat.
1541 1487 1630 1529 Sed

367 1572 465 1612 quae
490 1559 689 1598 Libertas
707 1558 714 1598 !
747 1558 898 1598 Mente
915 1558 995 1598 sub
1013 1557 1232 1597 servitutis
1251 1556 1407 1609 jugum
1426 1556 1603 1596 redacta
1622 1569 1631 1606 ;
1682 1591 1685 1593 .

368 1627 473 1667 nihil
497 1628 612 1668 enim
634 1627 756 1667 audit
772 1640 873 1667 vere
891 1627 1114 1675 Nostrum,
1131 1639 1263 1678 quam
1283 1625 1410 1664 Mens
1430 1624 1631 1665 Intellec-

367 1696 496 1737 tualis
527 1696 563 1737 8<
595 1696 687 1749 ejus
715 1696 960 1746 Voluntas3
991 1695 1092 1735 inde
1124 1694 1310 1734 dicimur
1339 1694 1566 1742 Homines,
1591 1692 1630 1733 81

367 1765 715 1805 discriminamus
748 1778 773 1805 a
806 1764 970 1812 brutis;
1000 1763 1094 1803 haec
1127 1763 1162 1802 si
1197 1776 1285 1802 non
1318 1762 1427 1802 scita
1462 1775 1550 1811 sua,
1580 1775 1632 1802 ac

332 1840 335 1843 “
368 1835 586 1875 rationum
611 1834 785 1882 formas,
808 1847 833 1873 a
855 1832 976 1874 Caelo
999 1832 1039 1873 81-
1059 1832 1152 1885 ejus
1176 1831 1294 1871 Luce
1315 1831 1472 1880 haurit,
1495 1830 1533 1871 &
1554 1843 1631 1884 per

369 1905 582 1946 Ordinem
606 1917 736 1956 supra
758 1903 1023 1956 descriptum
1053 1903 1240 1954 imperat
1270 1901 1462 1950 Animo;
1495 1899 1533 1941 ἃ
1555 1913 1632 1952 per

369 1987 468 2014 eum
505 1987 530 2013 a
568 1972 738 2012 Mundo
775 1978 927 2012 evocat
964 1971 1096 2019 ideas,
1132 1969 1170 2010 ἃ
1207 1963 1413 2010 evocatas
1449 1968 1631 2009 surculis

368 2042 583 2083 seminum
602 2041 779 2081 Amoris
797 2040 932 2080 nostri
950 2039 1162 2087 inoculat;
1195 2038 1271 2079 sed
1290 2038 1323 2078 si
1341 2052 1367 2078 a
1384 2037 1569 2078 servitiis
1587 2037 1630 2077 in

368 2111 617 2152 libertatem
634 2110 812 2158 emissis,
830 2110 1078 2162 imperatur,
1094 2114 1240 2149 actum
1256 2113 1320 2147 est
1335 2107 1389 2146 de
1407 2106 1630 2154 Humano,

369 2194 421 2221 ac
446 2181 500 2221 de
527 2180 718 2229 Nostr03
751 2185 854 2218 tunc
887 2178 1003 2218 enim
1037 2177 1238 2217 inferiora
1271 2175 1457 2215 influunt
1489 2174 1531 2214 in
1561 2188 1632 2214 su·
1671 2202 1678 2210 .

370 2250 551 2303 periora,
574 2262 622 2289 ac
645 2213 763 2288 tot'us
787 2247 1014 2288 invertitur
1036 2246 1152 2287 ordo.

430 2329 495 2372 7.3
530 2317 618 2359 Sed
648 2316 819 2357 furcifer
847 2317 928 2356 iste
959 2329 1044 2356 non
1078 2327 1214 2368 usque
1241 2312 1422 2367 deponit
1453 2318 1631 2362 metum,
