1783 2760
418 177 496 211 DE
531 175 791 221 CONJUGJO
821 176 1201 211 PRJMOGENJTJ.
1393 183 1434 219 37

185 278 369 322 sentato,
394 273 473 313 tibi
505 278 703 313 constare
735 278 891 325 potest,
920 272 1039 325 quid,
1065 271 1276 324 Perfectio
1318 271 1434 319 Vz'toe,

182 342 264 391 sit;
297 355 397 382 nam
430 342 569 395 qualis
592 341 724 390 Ordo,
748 341 846 381 talis
868 341 984 390 Vita,
1006 347 1098 381 tam
1120 342 1163 381 in
1187 343 1274 382 suis
1296 342 1435 381 minu-

182 410 371 459 tissimis,
393 424 524 463 quam
546 410 589 449 in
612 409 808 449 omnium
842 409 1124 449 minutiorum
1155 410 1409 462 compositis
1428 425 1436 450 ε

186 477 347 518 Noster
377 478 448 517 1116
479 477 612 526 Ordo,
634 477 707 529 qui
739 483 804 517 est
830 477 1026 526 Divinus,
1051 477 1263 526 Infinitus,
1287 477 1325 517 &
1348 477 1435 517 Im-

186 546 391 595 mortalis,
409 547 544 586 instar
560 546 881 586 candidissimae
899 545 1017 594 lucis,
1035 546 1157 598 quasi
1180 551 1436 598 transparet,

185 614 265 654 nisi
288 614 427 666 qualis
449 614 516 662 sit,
534 614 589 653 ab
612 614 747 654 altero
768 613 853 663 illo,
871 614 943 666 qui
966 619 1033 654 est
1054 613 1271 662 naturalis,
1290 614 1436 653 finitus

185 682 223 722 &
245 681 449 731 mortalis,
473 682 789 735 conspiciatur;
822 695 908 722 non
936 696 1059 722 secus
1088 695 1139 722 ac
1170 688 1245 722 tua
1276 681 1436 734 imago,

182 749 225 789 in
262 749 565 802 limpidissima
602 749 734 790 fontis
775 750 903 799 unda,
934 764 1044 803 quae,
1082 749 1221 803 qualis
1256 751 1323 799 sit,
1359 764 1436 803 per

183 818 303 858 fundi
337 818 430 870 ejus
464 819 743 871 opacitatem,
766 818 808 858 in
842 824 965 858 tuum
999 819 1139 858 visum
1173 818 1435 867 reflectitur;

182 900 239 926 ex
262 893 439 939 aspectu
467 887 781 938 oppositorum,
805 886 1064 927 discernitur
1093 900 1226 927 unum
1259 886 1297 927 &
1329 886 1436 927 alte-

183 968 277 995 rum
299 968 307 1004 ;
345 955 486 1007 ipsum
523 954 686 994 Verum
723 967 801 994 nec
837 960 1033 1007 apparet,
1065 955 1144 995 nisi
1181 956 1224 995 in
1259 955 1435 1008 speculo

185 1023 299 1063 Falsi
321 1037 329 1073 ;
363 1025 422 1063 ita
445 1036 523 1078 nec
544 1022 711 1062 lucidus
735 1022 772 1062 ἃ
795 1023 1006 1063 candidus
1029 1030 1175 1063 noster
1197 1023 1330 1072 Ordo,
1353 1025 1434 1064 nisi

182 1091 238 1131 ab
260 1090 465 1130 umbroso
489 1089 526 1130 &
549 1089 671 1129 furvo
693 1089 766 1129 illo
787 1103 795 1138 ;
828 1103 958 1142 quem
981 1090 1080 1130 ideo
1107 1091 1187 1131 sub
1209 1098 1434 1144 aspectum

183 1165 317 1208 tuum,
342 1165 389 1198 ut
411 1159 609 1207 disceres,
631 1158 735 1210 quid
765 1158 1007 1198 Perfectum
1040 1159 1077 1199 &
1111 1159 1336 1212 Integrum
1368 1161 1434 1208 sit,

183 1227 354 1266 mittere
375 1226 490 1266 volui
516 1225 578 1279 (c).
642 1225 763 1267 Ordo
784 1225 912 1278 hujus
936 1226 1066 1276 Vitae,
1086 1240 1161 1268 seu
1182 1227 1287 1267 Vita
1307 1227 1436 1280 hujus

184 1294 371 1343 Ordinis,
397 1295 571 1336 Statum
606 1293 727 1334 illum
764 1294 940 1343 inducit,
964 1295 1037 1347 qui
1069 1295 1223 1336 Status
1251 1296 1434 1348 Integri-

183 1363 285 1403 tatis
317 1363 496 1403 dicitur:
530 1363 588 1402 Et
621 1363 721 1415 quia
757 1362 878 1403 Ordo
907 1363 977 1403 1116
1000 1363 1043 1402 in
1065 1377 1110 1404 se
1131 1369 1208 1413 est,
1229 1364 1368 1417 qualis
1391 1365 1433 1404 in

184 1432 287 1485 Ipso
307 1432 531 1484 Supremo,
548 1431 658 1480 ideo,
675 1431 747 1484 qui
770 1431 900 1472 Illum
917 1431 1034 1481 vivit,
1051 1432 1290 1485 Imaginem
1306 1432 1432 1485 Ejus,

182 1506 338 1554 portat.
399 1499 565 1552 Accipe
592 1499 684 1551 jam
712 1499 890 1548 clavem,
912 1514 989 1553 per
1020 1513 1150 1552 quem
1180 1501 1215 1540 si
1247 1501 1434 1541 recludis

182 1575 342 1622 portas,
360 1568 556 1609 Sacraria
578 1568 713 1621 ipsius
737 1568 855 1617 Caeli,
879 1567 917 1608 ἃ
938 1569 1137 1619 tueberis,
1161 1569 1199 1610 ἃ
1221 1570 1412 1622 intrabis.

244 1649 330 1689 109.
369 1637 458 1678 Sed
496 1637 577 1687 Tu,
613 1650 710 1677 mea
756 1636 894 1677 Filia!
940 1638 1067 1677 unica
1108 1651 1166 1687 es,
1209 1637 1247 1678 ἃ
1287 1644 1432 1678 tecum

182 1706 332 1746 unicus
359 1707 402 1746 in
424 1705 538 1755 orbe,
562 1705 633 1757 qui
663 1704 777 1744 hunc
798 1705 995 1745 ordinem
1016 1706 1134 1755 vivit,
1153 1706 1190 1746 ἃ
1213 1705 1304 1759 ejus
1326 1706 1432 1747 ima-

182 1774 327 1826 ginem
361 1779 517 1826 portat.
580 1772 660 1812 Ille
689 1772 870 1822 Unicus,
892 1785 979 1813 non
1004 1773 1154 1826 procul
1177 1773 1276 1814 hinc
1298 1774 1433 1825 abest,

233 1887 276 1932 (c)
304 1889 362 1922 De
379 1887 450 1921 hoc
469 1886 618 1930 Ordine,
637 1886 741 1930 plura
758 1886 885 1921 videas
903 1887 940 1921 in
959 1888 1067 1922 Parte
1086 1894 1212 1923 nostra
1236 1888 1369 1932 Prima,
1388 1888 1434 1924 de

188 1943 295 1977 Cultu
313 1943 344 1977 &
361 1943 499 1976 Amore
518 1941 599 1984 Dei,
618 1953 652 1975 n.
671 1941 714 1975 62
732 1941 780 1975 ad
799 1940 855 1985 67,
868 1942 900 1976 ἃ
913 1950 968 1985 74,
980 1950 1034 1986 75.
1061 1943 1157 1976 Tum
1168 1942 1278 1977 etiam
1291 1944 1434 1988 plenius

184 1998 352 2041 deducta,
367 2008 448 2041 quae
465 1996 525 2030 hic
543 1996 655 2030 allata
673 2001 767 2038 sunt,
783 1995 829 2029 de
848 1997 1002 2041 Formis,
1017 1997 1049 2031 &
1067 1997 1114 2031 de
1138 1997 1272 2031 Tribus
1297 2003 1433 2032 nostrae

182 2053 267 2087 vitae
286 2052 557 2092 Facultatibu53
583 2051 676 2085 sicut
694 2050 739 2084 de
752 2050 898 2093 Anima,
911 2062 946 2086 n.
962 2061 1007 2095 34
1022 2052 1070 2086 ad
1088 2052 1143 2095 38,
1157 2051 1190 2086 ἃ
1205 2061 1262 2095 41,
1277 2060 1329 2095 70.
1375 2053 1434 2087 De

186 2108 313 2142 Mente
330 2106 581 2149 Intellectuali‚
597 2117 631 2139 n.
647 2104 692 2147 46
712 2104 761 2139 ad
784 2114 836 2149 53.
888 2106 946 2141 De
959 2106 1106 2149 Animo,
1120 2117 1154 2140 n.
1170 2115 1225 2149 70,
1241 2115 1294 2150 79,
1310 2107 1364 2149 83,
1378 2106 1431 2148 84.

186 2164 245 2197 De
258 2162 345 2196 Vita
360 2161 538 2203 Naturali,
552 2161 702 2204 ejusque
716 2160 812 2194 Vitae
827 2161 955 2204 Fonte,
970 2172 1032 2196 seu
1048 2162 1217 2206 Principe
1233 2161 1376 2204 Mundi,
1388 2161 1434 2195 de

187 2218 308 2251 Causa
329 2216 406 2260 ejus
432 2216 647 2259 existentiae,
672 2215 887 2259 Functione,
905 2215 938 2250 δε
966 2216 1146 2259 Discidio,
1169 2227 1203 2249 n.
1223 2215 1278 2259 69,
1304 2224 1358 2259 70,
1377 2224 1432 2259 74,

185 2280 240 2316 75.
290 2272 386 2305 Turn
414 2271 525 2305 etiam
553 2271 599 2305 de
636 2270 863 2306 Mediatione
896 2271 990 2306 inter
1024 2271 1150 2306 Vitam
1184 2271 1371 2314 Divinam,
1401 2270 1434 2304 &

186 2327 310 2362 Vitam
329 2327 363 2360 N
368 2326 556 2370 muralem,
575 2336 609 2360 n.
629 2325 672 2368 78
689 2324 738 2359 ad
756 2324 810 2368 83.
