1835 2672
366 175 408 199 10
622 167 805 202 CAPUT
833 167 1071 211 PRIMUM,
1106 167 1301 202 SECTIO
1333 167 1365 202 I.

361 265 480 318 quod
515 279 571 306 ex
599 266 666 306 his
699 265 905 306 fluoribus
939 266 1112 306 tractim
1148 265 1426 306 condensatis
1460 264 1619 305 circum

359 335 576 375 exstiterit
599 335 858 375 nebulosum
888 349 1146 387 expansum,
1169 335 1286 388 quod
1315 340 1527 386 tanquam
1559 333 1622 373 al-

361 404 550 457 buginea
581 418 725 444 massa
753 418 851 444 cum
882 404 1049 444 incluso
1080 404 1193 451 Sole,
1218 404 1475 443 MAXIMUM
1500 402 1622 443 UNI-

361 481 502 513 VERSI
527 473 689 522 OVUM‚
714 473 917 523 referret,
949 479 1043 513 tum
1073 472 1191 525 quod
1219 472 1347 524 hujus
1375 470 1622 524 superficies

362 541 540 582 demum
564 543 814 595 interceptis
839 542 979 591 radiis,
1005 541 1042 581 ἃ
1070 541 1256 588 occlusis
1280 540 1515 594 spiraculis,
1537 546 1623 580 tra-

360 610 483 650 heret
505 617 706 659 crustam,
731 611 853 663 quasi
876 617 1049 660 testam,
1072 624 1204 663 quam
1230 609 1318 658 Sol,
1342 610 1446 649 dum
1473 614 1623 661 partus

362 680 543 719 instaret
579 686 767 732 tempus,
804 680 920 719 intus
957 685 1147 719 aestuans
1180 678 1217 718 &
1250 684 1509 726 tumescens,
1537 678 1625 717 dis-

362 754 593 801 rumperet,
617 748 654 788 &
678 749 737 789 sic
759 754 825 788 tot
848 748 1101 787 excluderet
1132 748 1305 796 Foetus,
1327 753 1435 800 quot
1458 747 1551 799 jam
1581 747 1624 786 in

362 817 454 869 ejus
480 818 695 858 Universo
718 817 1043 869 conspiciuntur
1064 815 1217 865 Moles,
1239 829 1336 868 quae
1359 829 1458 855 eum
1482 814 1624 855 adhuc

363 893 410 926 ut
424 886 652 926 Parentem
666 886 907 937 suspiciunt
922 885 998 937 (d).
1023 884 1197 925 Similes
1206 884 1386 924 omnino
1398 890 1488 924 tam
1503 896 1626 936 mag-

363 955 429 994 nis
462 968 594 1007 quam
629 955 867 993 minoribus
899 953 1107 1004 subjectis
1141 953 1252 992 intra
1284 953 1500 1005 sphaeram
1530 952 1625 1004 ejus

364 1024 531 1071 Mundi,
552 1023 735 1075 &hujus
758 1023 800 1062 in
823 1022 998 1062 Tellure
1020 1022 1150 1062 trium
1175 1022 1440 1074 Regnorum,
1457 1022 1547 1060 sive
1568 1034 1625 1061 ex

364 1099 497 1141 utero,
539 1093 704 1132 semine
745 1097 821 1131 aut
859 1105 954 1140 ovo,
991 1096 1238 1138 nascuntur,
1275 1090 1385 1130 ratio
1426 1095 1626 1138 constat;

363 1175 464 1201 nam
486 1167 586 1201 sunt
609 1161 741 1200 modo
764 1160 858 1212 typi
882 1160 936 1199 ad
961 1159 1105 1199 ideam
1127 1159 1316 1199 Maximi
1339 1158 1488 1206 efficti;
1521 1157 1559 1198 ἃ
1583 1158 1625 1198 in

362 1243 420 1279 se,
452 1230 628 1269 tametsi
662 1230 703 1268 in
733 1229 913 1281 parvula
944 1228 1098 1281 effigie,
1121 1228 1368 1267 universum
1401 1226 1625 1280 quoddam

363 1299 565 1345 referunt,
589 1297 626 1337 ἃ
651 1297 913 1337 aemulantur
932 1297 994 1348 (e).

403 1400 460 1443 (d)
478 1400 624 1434 Similes
636 1399 747 1433 etiam
763 1397 1045 1432 incrustationes
1058 1408 1133 1430 non
1146 1396 1197 1430 ita
1209 1396 1459 1442 infrequenter
1472 1397 1509 1430 in
1525 1397 1626 1431 Caelo

366 1456 548 1491 Stellifero
589 1454 805 1499 apparuisse
839 1459 1015 1494 constat;
1059 1459 1259 1496 conspecta
1292 1453 1391 1486 enim
1424 1452 1627 1496 aliquando

364 1512 510 1546 fuerunt
544 1522 640 1544 nova
676 1510 816 1551 Sidera,
847 1508 1050 1542 admodum
1083 1508 1191 1542 rutile
1226 1507 1448 1551 effulgentia,
1479 1507 1512 1541 δι
1540 1518 1628 1541 mox

364 1566 557 1612 paullatim
576 1565 887 1607 obscurescentia,
907 1563 1145 1608 postmodum
1162 1563 1221 1597 vel
1239 1563 1276 1596 in
1302 1562 1496 1607 pristinum
1517 1562 1628 1607 jubar

364 1622 530 1665 rediisse,
548 1622 607 1655 vel
626 1632 775 1665 prorsus
800 1619 1017 1659 evanuisse;
1045 1618 1223 1652 indicium
1247 1629 1321 1651 non
1347 1618 1397 1651 ita
1422 1618 1627 1662 indubium,

365 1678 464 1723 quod
492 1677 621 1711 Sidera
647 1677 717 1710 ista
742 1687 763 1709 a
790 1675 957 1709 confluxu
982 1675 1144 1719 partium
1162 1674 1210 1708 ab
1228 1674 1462 1708 exhalatione
1481 1674 1627 1708 illorum

363 1734 615 1775 excitatarum,
628 1731 735 1765 simili
750 1730 873 1765 crusta
886 1730 1046 1764 obducta
1058 1729 1203 1772 fuerint,
1213 1740 1295 1774 quae
1307 1729 1363 1762 vel
1376 1729 1627 1773 dissiparetur,

365 1790 422 1824 vel
440 1800 589 1833 prorsus
614 1799 656 1821 ea
680 1786 936 1828 absconderet,
956 1786 987 1819 &
1014 1785 1066 1819 sic
1092 1784 1207 1819 oculis
1234 1784 1369 1818 nostris
1396 1784 1626 1823 subduceret,

367 1846 549 1879 Praeterea
568 1844 596 1877 si
616 1843 837 1876 immensam
857 1841 952 1875 Solis
976 1839 1269 1884 magnitudinem
1293 1830 1377 1872 cum
1402 1839 1628 1884 Corporibus

365 1899 592 1946 planetariis,
618 1910 700 1943 quse
726 1898 863 1931 circum
890 1908 974 1931 eum
1001 1896 1203 1937 ambulant,
1231 1905 1502 1939 comparamus,
1519 1895 1628 1929 facile

366 1967 431 2001 per
464 1956 581 1989 levem
616 1954 799 1987 calculum
830 1952 959 1986 instrui
990 1962 1198 1996 possumus,
1229 1950 1327 1995 quod
1354 1950 1438 1984 talis
1467 1950 1629 1985 ambitus

365 2018 488 2046 crusta
514 2016 567 2044 tot
593 2010 624 2043 ἃ
655 2009 768 2043 tantis
801 2008 1025 2053 Corporibus
1049 2005 1245 2051 gignendis
1276 2005 1491 2039 suffecisset.
1543 2006 1628 2039 Hoc

368 2068 491 2102 Ovum
523 2066 588 2100 suit
624 2065 747 2099 Chaos
782 2064 871 2097 illud
906 2063 993 2097 olim
1026 2062 1210 2106 hodieque
1249 2067 1325 2095 tam
1362 2060 1557 2102 famosum,
1590 2060 1628 2094 in

366 2123 465 2168 quod
498 2122 695 2155 Elementa
729 2131 848 2153 rerum
879 2124 1054 2161 congesta
1084 2117 1196 2151 fuisse
1229 2116 1395 2159 traditur,
1426 2127 1508 2160 quae
1542 2116 1627 2150 dein

367 2179 404 2212 in
431 2176 716 2222 pulcherrimum
743 2174 920 2219 disposita
949 2173 1116 2207 ordinem
1144 2171 1327 2206 Mundum
1354 2177 1520 2205 nostrum
1545 2182 1628 2215 pro-

368 2236 554 2269 ducerent.

417 2289 459 2333 (ι’)
483 2287 699 2323 Communis
718 2292 789 2320 stat
813 2284 1006 2327 sententia,
1026 2283 1125 2328 quod
1151 2282 1241 2317 nihil
1268 2292 1341 2315 non
1368 2292 1411 2315 ex
1439 2282 1519 2316 Ovo
1544 2293 1627 2316 nas-

369 2352 496 2386 catur3
534 2344 627 2378 sicut
661 2343 773 2377 etiam
808 2341 984 2385 Vivipara
1020 2338 1139 2384 Regni
1173 2337 1369 2381 Animalis,
1398 2337 1557 2382 primum
1590 2338 1627 2372 in
