<?xml version="1.0" encoding="UTF-8"?>
<!DOCTYPE html PUBLIC "-//W3C//DTD XHTML 1.0 Transitional//EN"
    "http://www.w3.org/TR/xhtml1/DTD/xhtml1-transitional.dtd">
<html xmlns="http://www.w3.org/1999/xhtml" xml:lang="en" lang="en">
 <head>
  <title>
</title>
<meta http-equiv="Content-Type" content="text/html;charset=utf-8" />
  <meta name='ocr-system' content='tesseract 3.04.00' />
  <meta name='ocr-capabilities' content='ocr_page ocr_carea ocr_par ocr_line ocrx_word'/>
</head>
<body>
  <div class='ocr_page' id='page_1' title='image "./parsprimadecultu00swed_0057.png"; bbox 0 0 1783 2760; ppageno 0'>
   <div class='ocr_carea' id='block_1_1' title="bbox 467 153 1428 202">
    <p class='ocr_par' dir='ltr' id='par_1_1' title="bbox 467 153 1428 202">
     <span class='ocr_line' id='line_1_1' title="bbox 467 153 1428 202; baseline 0.005 -15"><span class='ocrx_word' id='word_1_1' title='bbox 467 153 545 187; x_wconf 87' lang='lat' dir='ltr'><strong>DE</strong></span> <span class='ocrx_word' id='word_1_2' title='bbox 581 153 724 188; x_wconf 75' lang='lat' dir='ltr'><em>ORTU</em></span> <span class='ocrx_word' id='word_1_3' title='bbox 753 154 1135 191; x_wconf 68' lang='lat' dir='ltr'><em>PRMJOGENJTJ.</em></span> <span class='ocrx_word' id='word_1_4' title='bbox 1385 165 1428 202; x_wconf 82' lang='lat'><strong>45</strong></span> 
     </span>
    </p>
   </div>
   <div class='ocr_carea' id='block_1_2' title="bbox 169 247 1430 714">
    <p class='ocr_par' dir='ltr' id='par_1_2' title="bbox 169 247 1430 714">
     <span class='ocr_line' id='line_1_2' title="bbox 171 247 1430 303; baseline 0.005 -17"><span class='ocrx_word' id='word_1_5' title='bbox 171 247 228 287; x_wconf 90' lang='lat' dir='ltr'><strong>ad</strong></span> <span class='ocrx_word' id='word_1_6' title='bbox 257 260 433 287; x_wconf 90' lang='lat' dir='ltr'><strong>omnem</strong></span> <span class='ocrx_word' id='word_1_7' title='bbox 466 254 630 297; x_wconf 89' lang='lat' dir='ltr'><strong>nutum,</strong></span> <span class='ocrx_word' id='word_1_8' title='bbox 661 262 788 288; x_wconf 90' lang='lat' dir='ltr'><strong>suum</strong></span> <span class='ocrx_word' id='word_1_9' title='bbox 826 250 1060 302; x_wconf 86' lang='lat' dir='ltr'><strong>complevit</strong></span> <span class='ocrx_word' id='word_1_10' title='bbox 1096 265 1214 303; x_wconf 87' lang='lat' dir='ltr'><strong>opus,</strong></span> <span class='ocrx_word' id='word_1_11' title='bbox 1250 251 1287 291; x_wconf 71' lang='lat' dir='ltr'><strong>Sc</strong></span> <span class='ocrx_word' id='word_1_12' title='bbox 1329 265 1430 292; x_wconf 88' lang='lat' dir='ltr'><strong>suas</strong></span> 
     </span>
     <span class='ocr_line' id='line_1_3' title="bbox 171 316 1430 369; baseline 0.005 -15"><span class='ocrx_word' id='word_1_13' title='bbox 171 316 296 368; x_wconf 82' lang='lat' dir='ltr'>quasi</span> <span class='ocrx_word' id='word_1_14' title='bbox 326 316 589 369; x_wconf 90' lang='lat' dir='ltr'><strong>peripherias</strong></span> <span class='ocrx_word' id='word_1_15' title='bbox 625 317 666 356; x_wconf 91' lang='lat' dir='ltr'><strong>in</strong></span> <span class='ocrx_word' id='word_1_16' title='bbox 696 316 778 357; x_wconf 90' lang='lat' dir='ltr'><strong>hoc</strong></span> <span class='ocrx_word' id='word_1_17' title='bbox 808 318 964 367; x_wconf 87' lang='lat' dir='ltr'><strong>Ovum,</strong></span> <span class='ocrx_word' id='word_1_18' title='bbox 994 325 1041 358; x_wconf 91' lang='lat' dir='ltr'><strong>ut</strong></span> <span class='ocrx_word' id='word_1_19' title='bbox 1076 319 1298 369; x_wconf 83' lang='lat' dir='ltr'>Centrum,</span> <span class='ocrx_word' id='word_1_20' title='bbox 1329 334 1430 360; x_wconf 91' lang='lat' dir='ltr'><strong>con-</strong></span> 
     </span>
     <span class='ocr_line' id='line_1_4' title="bbox 172 385 1428 437; baseline 0.002 -13"><span class='ocrx_word' id='word_1_21' title='bbox 172 385 328 435; x_wconf 84' lang='lat' dir='ltr'><strong>duxit;</strong></span> <span class='ocrx_word' id='word_1_22' title='bbox 360 390 462 424; x_wconf 90' lang='lat' dir='ltr'><strong>tunc</strong></span> <span class='ocrx_word' id='word_1_23' title='bbox 487 385 701 437; x_wconf 86' lang='lat' dir='ltr'><strong>Suprema</strong></span> <span class='ocrx_word' id='word_1_24' title='bbox 725 386 852 426; x_wconf 89' lang='lat' dir='ltr'><strong>Mens</strong></span> <span class='ocrx_word' id='word_1_25' title='bbox 878 387 915 426; x_wconf 92' lang='lat' dir='ltr'><strong>ei</strong></span> <span class='ocrx_word' id='word_1_26' title='bbox 945 386 1119 426; x_wconf 87' lang='lat' dir='ltr'><strong>obviam</strong></span> <span class='ocrx_word' id='word_1_27' title='bbox 1149 387 1262 427; x_wconf 87' lang='lat' dir='ltr'><strong>facta</strong></span> <span class='ocrx_word' id='word_1_28' title='bbox 1290 394 1367 435; x_wconf 87' lang='lat' dir='ltr'><strong>est,</strong></span> <span class='ocrx_word' id='word_1_29' title='bbox 1390 388 1428 428; x_wconf 67' lang='grc' dir='ltr'>ἃ</span> 
     </span>
     <span class='ocr_line' id='line_1_5' title="bbox 169 453 1429 508; baseline 0.003 -16"><span class='ocrx_word' id='word_1_30' title='bbox 169 466 227 492; x_wconf 86' lang='lat' dir='ltr'><strong>ex</strong></span> <span class='ocrx_word' id='word_1_31' title='bbox 250 466 305 499; x_wconf 87' lang='lat' dir='ltr'><strong>se,</strong></span> <span class='ocrx_word' id='word_1_32' title='bbox 324 459 371 493; x_wconf 90' lang='lat' dir='ltr'><strong>ut</strong></span> <span class='ocrx_word' id='word_1_33' title='bbox 394 453 526 506; x_wconf 87' lang='lat' dir='ltr'><strong>ipsius</strong></span> <span class='ocrx_word' id='word_1_34' title='bbox 548 454 649 493; x_wconf 82' lang='lat' dir='ltr'><strong>vitae</strong></span> <span class='ocrx_word' id='word_1_35' title='bbox 673 453 786 503; x_wconf 85' lang='lat' dir='ltr'><strong>Sole,</strong></span> <span class='ocrx_word' id='word_1_36' title='bbox 807 455 1099 495; x_wconf 87' lang='lat' dir='ltr'><strong>concentratis</strong></span> <span class='ocrx_word' id='word_1_37' title='bbox 1123 456 1264 505; x_wconf 83' lang='lat' dir='ltr'><strong>radiis,</strong></span> <span class='ocrx_word' id='word_1_38' title='bbox 1283 470 1429 508; x_wconf 91' lang='lat' dir='ltr'><strong>super-</strong></span> 
     </span>
     <span class='ocr_line' id='line_1_6' title="bbox 170 521 1430 577; baseline 0.003 -16"><span class='ocrx_word' id='word_1_39' title='bbox 170 521 389 562; x_wconf 80' lang='lat' dir='ltr'><strong>caelestem</strong></span> <span class='ocrx_word' id='word_1_40' title='bbox 411 522 612 574; x_wconf 84' lang='lat' dir='ltr'>concepit</span> <span class='ocrx_word' id='word_1_41' title='bbox 641 522 837 572; x_wconf 92' lang='lat' dir='ltr'><strong>formam,</strong></span> <span class='ocrx_word' id='word_1_42' title='bbox 860 537 934 563; x_wconf 91' lang='lat' dir='ltr'><strong>seu</strong></span> <span class='ocrx_word' id='word_1_43' title='bbox 964 523 1188 573; x_wconf 78' lang='lat' dir='ltr'>Animam,</span> <span class='ocrx_word' id='word_1_44' title='bbox 1213 538 1311 577; x_wconf 79' lang='lat' dir='ltr'><strong>quae</strong></span> <span class='ocrx_word' id='word_1_45' title='bbox 1339 525 1430 565; x_wconf 88' lang='lat' dir='ltr'><strong>vita</strong></span> 
     </span>
     <span class='ocr_line' id='line_1_7' title="bbox 170 590 1430 645; baseline 0.003 -16"><span class='ocrx_word' id='word_1_46' title='bbox 170 596 294 638; x_wconf 86' lang='lat' dir='ltr'><strong>esset,</strong></span> <span class='ocrx_word' id='word_1_47' title='bbox 331 604 382 630; x_wconf 86' lang='lat' dir='ltr'><strong>ac</strong></span> <span class='ocrx_word' id='word_1_48' title='bbox 419 590 585 639; x_wconf 88' lang='lat' dir='ltr'><strong>infiniti,</strong></span> <span class='ocrx_word' id='word_1_49' title='bbox 624 604 701 643; x_wconf 90' lang='lat' dir='ltr'><strong>per</strong></span> <span class='ocrx_word' id='word_1_50' title='bbox 735 605 781 631; x_wconf 93' lang='lat' dir='ltr'><strong>se</strong></span> <span class='ocrx_word' id='word_1_51' title='bbox 818 592 1057 640; x_wconf 75' lang='lat' dir='ltr'><strong>infinitum,</strong></span> <span class='ocrx_word' id='word_1_52' title='bbox 1093 606 1263 645; x_wconf 81' lang='lat' dir='ltr'><strong>capax;</strong></span> <span class='ocrx_word' id='word_1_53' title='bbox 1318 592 1430 633; x_wconf 88' lang='lat' dir='ltr'><strong>hanc</strong></span> 
     </span>
     <span class='ocr_line' id='line_1_8' title="bbox 170 658 1429 714; baseline 0.002 -16"><span class='ocrx_word' id='word_1_54' title='bbox 170 659 305 699; x_wconf 92' lang='lat' dir='ltr'><strong>nobili</strong></span> <span class='ocrx_word' id='word_1_55' title='bbox 327 658 426 698; x_wconf 88' lang='lat' dir='ltr'><strong>huic</strong></span> <span class='ocrx_word' id='word_1_56' title='bbox 448 659 651 699; x_wconf 86' lang='lat' dir='ltr'><strong>thesauro</strong></span> <span class='ocrx_word' id='word_1_57' title='bbox 673 666 748 700; x_wconf 89' lang='lat' dir='ltr'><strong>aut</strong></span> <span class='ocrx_word' id='word_1_58' title='bbox 770 660 898 700; x_wconf 85' lang='lat' dir='ltr'><strong>ovulo</strong></span> <span class='ocrx_word' id='word_1_59' title='bbox 921 661 1163 714; x_wconf 68' lang='lat' dir='ltr'><strong>infudit(x).</strong></span> <span class='ocrx_word' id='word_1_60' title='bbox 1224 662 1323 702; x_wconf 92' lang='lat' dir='ltr'><strong>Hoc</strong></span> <span class='ocrx_word' id='word_1_61' title='bbox 1345 662 1429 714; x_wconf 91' lang='lat' dir='ltr'><strong>pri-</strong></span> 
     </span>
    </p>
   </div>
   <div class='ocr_carea' id='block_1_3' title="bbox 166 773 1430 2362">
    <p class='ocr_par' dir='ltr' id='par_1_3' title="bbox 166 773 1430 2362">
     <span class='ocr_line' id='line_1_9' title="bbox 219 773 1429 821; baseline 0.002 -13"><span class='ocrx_word' id='word_1_62' title='bbox 219 773 269 817; x_wconf 67' lang='grc' dir='ltr'><strong>(χ)</strong></span> <span class='ocrx_word' id='word_1_63' title='bbox 300 774 396 818; x_wconf 79' lang='lat' dir='ltr'><strong>Quid</strong></span> <span class='ocrx_word' id='word_1_64' title='bbox 422 774 454 808; x_wconf 68' lang='grc' dir='ltr'>ἃ</span> <span class='ocrx_word' id='word_1_65' title='bbox 478 775 596 819; x_wconf 91' lang='lat' dir='ltr'><strong>qualis</strong></span> <span class='ocrx_word' id='word_1_66' title='bbox 623 775 760 809; x_wconf 83' lang='lat' dir='ltr'><strong>Anima</strong></span> <span class='ocrx_word' id='word_1_67' title='bbox 788 776 973 819; x_wconf 85' lang='lat' dir='ltr'><strong>Humana,</strong></span> <span class='ocrx_word' id='word_1_68' title='bbox 993 788 1089 820; x_wconf 81' lang='lat' dir='ltr'><strong>aegre</strong></span> <span class='ocrx_word' id='word_1_69' title='bbox 1114 788 1179 821; x_wconf 92' lang='lat' dir='ltr'><strong>per</strong></span> <span class='ocrx_word' id='word_1_70' title='bbox 1203 777 1342 811; x_wconf 89' lang='lat' dir='ltr'><strong>nudam</strong></span> <span class='ocrx_word' id='word_1_71' title='bbox 1367 777 1429 811; x_wconf 90' lang='lat' dir='ltr'><strong>de-</strong></span> 
     </span>
     <span class='ocr_line' id='line_1_10' title="bbox 169 830 1428 875; baseline 0.002 -12"><span class='ocrx_word' id='word_1_72' title='bbox 169 830 406 874; x_wconf 81' lang='lat' dir='ltr'>scriptionem</span> <span class='ocrx_word' id='word_1_73' title='bbox 425 830 628 864; x_wconf 88' lang='lat' dir='ltr'><strong>secundum</strong></span> <span class='ocrx_word' id='word_1_74' title='bbox 653 830 752 874; x_wconf 89' lang='lat' dir='ltr'><strong>ipsas</strong></span> <span class='ocrx_word' id='word_1_75' title='bbox 776 842 885 865; x_wconf 87' lang='lat' dir='ltr'><strong>voces</strong></span> <span class='ocrx_word' id='word_1_76' title='bbox 909 838 1134 875; x_wconf 81' lang='lat' dir='ltr'><strong>perceptam,</strong></span> <span class='ocrx_word' id='word_1_77' title='bbox 1153 831 1190 865; x_wconf 90' lang='lat' dir='ltr'><strong>in</strong></span> <span class='ocrx_word' id='word_1_78' title='bbox 1216 832 1428 866; x_wconf 83' lang='lat' dir='ltr'><strong>Intellectus</strong></span> 
     </span>
     <span class='ocr_line' id='line_1_11' title="bbox 168 884 1428 932; baseline 0.003 -15"><span class='ocrx_word' id='word_1_79' title='bbox 168 884 284 918; x_wconf 84' lang='lat' dir='ltr'>nostri</span> <span class='ocrx_word' id='word_1_80' title='bbox 298 885 436 929; x_wconf 86' lang='lat' dir='ltr'><strong>primas</strong></span> <span class='ocrx_word' id='word_1_81' title='bbox 455 885 556 918; x_wconf 82' lang='lat' dir='ltr'><strong>ideas</strong></span> <span class='ocrx_word' id='word_1_82' title='bbox 571 886 703 919; x_wconf 91' lang='lat' dir='ltr'><strong>cadere</strong></span> <span class='ocrx_word' id='word_1_83' title='bbox 717 892 848 930; x_wconf 90' lang='lat' dir='ltr'><strong>potest,</strong></span> <span class='ocrx_word' id='word_1_84' title='bbox 863 897 949 919; x_wconf 84' lang='lat' dir='ltr'><strong>nam</strong></span> <span class='ocrx_word' id='word_1_85' title='bbox 961 893 1015 920; x_wconf 88' lang='lat' dir='ltr'><strong>est</strong></span> <span class='ocrx_word' id='word_1_86' title='bbox 1030 887 1203 921; x_wconf 83' lang='lat' dir='ltr'><strong>Essentia</strong></span> <span class='ocrx_word' id='word_1_87' title='bbox 1218 887 1428 932; x_wconf 88' lang='lat' dir='ltr'><strong>spiritualis,</strong></span> 
     </span>
     <span class='ocr_line' id='line_1_12' title="bbox 170 938 1429 984; baseline 0.003 -12"><span class='ocrx_word' id='word_1_88' title='bbox 170 938 203 973; x_wconf 87' lang='lat'>&amp;</span> <span class='ocrx_word' id='word_1_89' title='bbox 232 938 314 972; x_wconf 90' lang='lat' dir='ltr'><strong>ideo</strong></span> <span class='ocrx_word' id='word_1_90' title='bbox 345 939 524 972; x_wconf 85' lang='lat' dir='ltr'>similibus</span> <span class='ocrx_word' id='word_1_91' title='bbox 558 939 736 981; x_wconf 91' lang='lat' dir='ltr'><strong>terminis,</strong></span> <span class='ocrx_word' id='word_1_92' title='bbox 765 940 897 984; x_wconf 90' lang='lat' dir='ltr'><strong>quibus</strong></span> <span class='ocrx_word' id='word_1_93' title='bbox 928 941 1096 975; x_wconf 70' lang='lat' dir='ltr'><strong>essentia:</strong></span> <span class='ocrx_word' id='word_1_94' title='bbox 1127 942 1323 984; x_wconf 79' lang='lat' dir='ltr'><strong>naturales,</strong></span> <span class='ocrx_word' id='word_1_95' title='bbox 1354 954 1429 976; x_wconf 90' lang='lat' dir='ltr'><strong>non</strong></span> 
     </span>
     <span class='ocr_line' id='line_1_13' title="bbox 168 992 1430 1039; baseline 0.003 -13"><span class='ocrx_word' id='word_1_96' title='bbox 168 992 276 1026; x_wconf 85' lang='lat' dir='ltr'><strong>facile</strong></span> <span class='ocrx_word' id='word_1_97' title='bbox 294 993 520 1037; x_wconf 83' lang='lat' dir='ltr'><strong>significatur</strong></span> <span class='ocrx_word' id='word_1_98' title='bbox 537 993 570 1027; x_wconf 64' lang='grc' dir='ltr'><strong>δε</strong></span> <span class='ocrx_word' id='word_1_99' title='bbox 589 994 824 1038; x_wconf 82' lang='lat' dir='ltr'><strong>exprimitur:</strong></span> <span class='ocrx_word' id='word_1_100' title='bbox 851 1001 887 1028; x_wconf 82' lang='lat' dir='ltr'><strong>at</strong></span> <span class='ocrx_word' id='word_1_101' title='bbox 909 995 994 1039; x_wconf 85' lang='lat' dir='ltr'><strong>quia</strong></span> <span class='ocrx_word' id='word_1_102' title='bbox 1018 995 1183 1029; x_wconf 89' lang='lat' dir='ltr'><strong>terminis</strong></span> <span class='ocrx_word' id='word_1_103' title='bbox 1208 996 1240 1029; x_wconf 67' lang='grc' dir='ltr'><strong>δε</strong></span> <span class='ocrx_word' id='word_1_104' title='bbox 1263 995 1430 1030; x_wconf 86' lang='lat' dir='ltr'><strong>formulis</strong></span> 
     </span>
     <span class='ocr_line' id='line_1_14' title="bbox 168 1048 1430 1096; baseline 0.005 -15"><span class='ocrx_word' id='word_1_105' title='bbox 168 1048 224 1091; x_wconf 89' lang='lat' dir='ltr'><strong>iis,</strong></span> <span class='ocrx_word' id='word_1_106' title='bbox 243 1055 282 1082; x_wconf 89' lang='lat' dir='ltr'><strong>ut</strong></span> <span class='ocrx_word' id='word_1_107' title='bbox 299 1048 453 1091; x_wconf 81' lang='lat' dir='ltr'><strong>auxiliis,</strong></span> <span class='ocrx_word' id='word_1_108' title='bbox 473 1049 622 1082; x_wconf 89' lang='lat' dir='ltr'><strong>omnino</strong></span> <span class='ocrx_word' id='word_1_109' title='bbox 649 1049 827 1083; x_wconf 89' lang='lat' dir='ltr'><strong>utendum</strong></span> <span class='ocrx_word' id='word_1_110' title='bbox 852 1056 919 1092; x_wconf 87' lang='lat' dir='ltr'><strong>est,</strong></span> <span class='ocrx_word' id='word_1_111' title='bbox 939 1050 1031 1092; x_wconf 86' lang='lat' dir='ltr'><strong>ideo,</strong></span> <span class='ocrx_word' id='word_1_112' title='bbox 1051 1057 1089 1084; x_wconf 86' lang='lat' dir='ltr'><strong>ut</strong></span> <span class='ocrx_word' id='word_1_113' title='bbox 1114 1051 1346 1095; x_wconf 80' lang='lat' dir='ltr'><strong>percipiatur,</strong></span> <span class='ocrx_word' id='word_1_114' title='bbox 1365 1063 1430 1096; x_wconf 92' lang='lat' dir='ltr'><strong>per</strong></span> 
     </span>
     <span class='ocr_line' id='line_1_15' title="bbox 170 1103 1429 1150; baseline 0.003 -14"><span class='ocrx_word' id='word_1_115' title='bbox 170 1103 295 1137; x_wconf 90' lang='lat' dir='ltr'><strong>dotem</strong></span> <span class='ocrx_word' id='word_1_116' title='bbox 329 1103 448 1147; x_wconf 85' lang='lat' dir='ltr'>ipsam</span> <span class='ocrx_word' id='word_1_117' title='bbox 482 1103 777 1147; x_wconf 84' lang='lat' dir='ltr'><strong>intellectualem,</strong></span> <span class='ocrx_word' id='word_1_118' title='bbox 808 1115 891 1148; x_wconf 82' lang='lat' dir='ltr'><strong>quae</strong></span> <span class='ocrx_word' id='word_1_119' title='bbox 925 1105 1089 1149; x_wconf 86' lang='lat' dir='ltr'><strong>superior</strong></span> <span class='ocrx_word' id='word_1_120' title='bbox 1118 1112 1183 1148; x_wconf 90' lang='lat' dir='ltr'><strong>est,</strong></span> <span class='ocrx_word' id='word_1_121' title='bbox 1212 1107 1316 1150; x_wconf 88' lang='lat' dir='ltr'>quasi</span> <span class='ocrx_word' id='word_1_122' title='bbox 1345 1107 1429 1140; x_wconf 91' lang='lat' dir='ltr'><strong>sub-</strong></span> 
     </span>
     <span class='ocr_line' id='line_1_16' title="bbox 168 1158 1429 1205; baseline 0.004 -14"><span class='ocrx_word' id='word_1_123' title='bbox 168 1158 343 1192; x_wconf 83' lang='lat' dir='ltr'><strong>limandae</strong></span> <span class='ocrx_word' id='word_1_124' title='bbox 362 1164 446 1192; x_wconf 89' lang='lat' dir='ltr'><strong>sunt</strong></span> <span class='ocrx_word' id='word_1_125' title='bbox 464 1158 567 1201; x_wconf 81' lang='lat' dir='ltr'><strong>ideae,</strong></span> <span class='ocrx_word' id='word_1_126' title='bbox 586 1158 618 1192; x_wconf 68' lang='grc' dir='ltr'><strong>δε</strong></span> <span class='ocrx_word' id='word_1_127' title='bbox 637 1159 897 1193; x_wconf 81' lang='lat' dir='ltr'><strong>abstrahendae</strong></span> <span class='ocrx_word' id='word_1_128' title='bbox 917 1160 1086 1203; x_wconf 83' lang='lat' dir='ltr'><strong>finitates,</strong></span> <span class='ocrx_word' id='word_1_129' title='bbox 1102 1172 1183 1205; x_wconf 79' lang='lat' dir='ltr'><strong>quae</strong></span> <span class='ocrx_word' id='word_1_130' title='bbox 1201 1162 1429 1196; x_wconf 85' lang='lat' dir='ltr'><strong>naturalibus</strong></span> 
     </span>
     <span class='ocr_line' id='line_1_17' title="bbox 169 1214 1429 1260; baseline 0.003 -13"><span class='ocrx_word' id='word_1_131' title='bbox 169 1214 304 1257; x_wconf 89' lang='lat' dir='ltr'><strong>insunt,</strong></span> <span class='ocrx_word' id='word_1_132' title='bbox 323 1214 355 1248; x_wconf 67' lang='grc' dir='ltr'><strong>δε</strong></span> <span class='ocrx_word' id='word_1_133' title='bbox 379 1214 430 1248; x_wconf 90' lang='lat' dir='ltr'><strong>sic</strong></span> <span class='ocrx_word' id='word_1_134' title='bbox 457 1214 648 1248; x_wconf 83' lang='lat' dir='ltr'><strong>facultates</strong></span> <span class='ocrx_word' id='word_1_135' title='bbox 675 1214 752 1258; x_wconf 82' lang='lat' dir='ltr'><strong>ejus</strong></span> <span class='ocrx_word' id='word_1_136' title='bbox 778 1215 953 1249; x_wconf 88' lang='lat' dir='ltr'><strong>eminenti</strong></span> <span class='ocrx_word' id='word_1_137' title='bbox 981 1215 1093 1249; x_wconf 89' lang='lat' dir='ltr'><strong>modo</strong></span> <span class='ocrx_word' id='word_1_138' title='bbox 1120 1216 1189 1250; x_wconf 91' lang='lat' dir='ltr'><strong>sibi</strong></span> <span class='ocrx_word' id='word_1_139' title='bbox 1216 1225 1429 1260; x_wconf 79' lang='lat' dir='ltr'><strong>repraesent-</strong></span> 
     </span>
     <span class='ocr_line' id='line_1_18' title="bbox 168 1269 1430 1314; baseline 0.002 -11"><span class='ocrx_word' id='word_1_140' title='bbox 168 1269 301 1304; x_wconf 83' lang='lat' dir='ltr'><strong>andae:</strong></span> <span class='ocrx_word' id='word_1_141' title='bbox 345 1270 541 1312; x_wconf 77' lang='lat' dir='ltr'>Quomodo</span> <span class='ocrx_word' id='word_1_142' title='bbox 560 1276 683 1303; x_wconf 89' lang='lat' dir='ltr'><strong>autem</strong></span> <span class='ocrx_word' id='word_1_143' title='bbox 707 1269 807 1303; x_wconf 90' lang='lat' dir='ltr'><strong>notio</strong></span> <span class='ocrx_word' id='word_1_144' title='bbox 831 1270 978 1303; x_wconf 81' lang='lat' dir='ltr'><strong>Animae</strong></span> <span class='ocrx_word' id='word_1_145' title='bbox 1001 1270 1232 1314; x_wconf 89' lang='lat' dir='ltr'><strong>aliquatenus</strong></span> <span class='ocrx_word' id='word_1_146' title='bbox 1257 1272 1430 1306; x_wconf 85' lang='lat' dir='ltr'><strong>distincta</strong></span> 
     </span>
     <span class='ocr_line' id='line_1_19' title="bbox 171 1324 1430 1369; baseline 0.002 -11"><span class='ocrx_word' id='word_1_147' title='bbox 171 1324 290 1359; x_wconf 90' lang='lat' dir='ltr'><strong>Menti</strong></span> <span class='ocrx_word' id='word_1_148' title='bbox 305 1331 440 1358; x_wconf 84' lang='lat' dir='ltr'><strong>nostrae</strong></span> <span class='ocrx_word' id='word_1_149' title='bbox 456 1324 630 1358; x_wconf 89' lang='lat' dir='ltr'><strong>insinuari</strong></span> <span class='ocrx_word' id='word_1_150' title='bbox 646 1331 767 1368; x_wconf 87' lang='lat' dir='ltr'><strong>queat,</strong></span> <span class='ocrx_word' id='word_1_151' title='bbox 780 1324 816 1358; x_wconf 90' lang='lat' dir='ltr'><strong>in</strong></span> <span class='ocrx_word' id='word_1_152' title='bbox 831 1325 1068 1369; x_wconf 89' lang='lat' dir='ltr'><strong>sequentibus</strong></span> <span class='ocrx_word' id='word_1_153' title='bbox 1083 1326 1226 1360; x_wconf 88' lang='lat' dir='ltr'><strong>tradere</strong></span> <span class='ocrx_word' id='word_1_154' title='bbox 1240 1327 1430 1369; x_wconf 82' lang='lat' dir='ltr'><strong>constitui3</strong></span> 
     </span>
     <span class='ocr_line' id='line_1_20' title="bbox 168 1379 1428 1424; baseline 0.002 -11"><span class='ocrx_word' id='word_1_155' title='bbox 168 1379 256 1414; x_wconf 91' lang='lat' dir='ltr'><strong>inde</strong></span> <span class='ocrx_word' id='word_1_156' title='bbox 273 1379 467 1422; x_wconf 86' lang='lat' dir='ltr'><strong>constabit,</strong></span> <span class='ocrx_word' id='word_1_157' title='bbox 486 1379 584 1424; x_wconf 90' lang='lat' dir='ltr'><strong>quod</strong></span> <span class='ocrx_word' id='word_1_158' title='bbox 601 1380 737 1413; x_wconf 87' lang='lat' dir='ltr'><strong>Anima</strong></span> <span class='ocrx_word' id='word_1_159' title='bbox 756 1380 801 1413; x_wconf 91' lang='lat' dir='ltr'><strong>sit</strong></span> <span class='ocrx_word' id='word_1_160' title='bbox 818 1380 928 1414; x_wconf 90' lang='lat' dir='ltr'><strong>unica</strong></span> <span class='ocrx_word' id='word_1_161' title='bbox 948 1381 1122 1414; x_wconf 86' lang='lat' dir='ltr'><strong>Essentia</strong></span> <span class='ocrx_word' id='word_1_162' title='bbox 1141 1381 1177 1414; x_wconf 90' lang='lat' dir='ltr'><strong>in</strong></span> <span class='ocrx_word' id='word_1_163' title='bbox 1196 1388 1322 1415; x_wconf 92' lang='lat' dir='ltr'><strong>nostro</strong></span> <span class='ocrx_word' id='word_1_164' title='bbox 1343 1383 1428 1416; x_wconf 88' lang='lat' dir='ltr'><strong>Cor-</strong></span> 
     </span>
     <span class='ocr_line' id='line_1_21' title="bbox 168 1434 1428 1479; baseline 0.003 -11"><span class='ocrx_word' id='word_1_165' title='bbox 168 1446 267 1479; x_wconf 89' lang='lat' dir='ltr'><strong>pore,</strong></span> <span class='ocrx_word' id='word_1_166' title='bbox 293 1446 375 1479; x_wconf 80' lang='lat' dir='ltr'><strong>quae</strong></span> <span class='ocrx_word' id='word_1_167' title='bbox 403 1435 502 1477; x_wconf 90' lang='lat' dir='ltr'><strong>vivit,</strong></span> <span class='ocrx_word' id='word_1_168' title='bbox 527 1434 620 1468; x_wconf 91' lang='lat' dir='ltr'><strong>adeo</strong></span> <span class='ocrx_word' id='word_1_169' title='bbox 646 1441 685 1468; x_wconf 88' lang='lat' dir='ltr'><strong>ut</strong></span> <span class='ocrx_word' id='word_1_170' title='bbox 710 1435 803 1468; x_wconf 75' lang='lat' dir='ltr'><strong>Esse</strong></span> <span class='ocrx_word' id='word_1_171' title='bbox 828 1435 860 1469; x_wconf 86' lang='lat'>&amp;</span> <span class='ocrx_word' id='word_1_172' title='bbox 893 1435 1021 1469; x_wconf 73' lang='lat' dir='ltr'><strong>Vivere</strong></span> <span class='ocrx_word' id='word_1_173' title='bbox 1046 1443 1223 1478; x_wconf 89' lang='lat' dir='ltr'><strong>nostrum,</strong></span> <span class='ocrx_word' id='word_1_174' title='bbox 1250 1437 1295 1471; x_wconf 91' lang='lat' dir='ltr'><strong>sit</strong></span> <span class='ocrx_word' id='word_1_175' title='bbox 1321 1438 1428 1472; x_wconf 89' lang='lat' dir='ltr'><strong>unius</strong></span> 
     </span>
     <span class='ocr_line' id='line_1_22' title="bbox 166 1489 1429 1536; baseline 0.002 -13"><span class='ocrx_word' id='word_1_176' title='bbox 166 1490 322 1532; x_wconf 83' lang='lat' dir='ltr'><strong>Animae,</strong></span> <span class='ocrx_word' id='word_1_177' title='bbox 336 1490 367 1524; x_wconf 65' lang='grc' dir='ltr'>ἃ</span> <span class='ocrx_word' id='word_1_178' title='bbox 380 1496 513 1523; x_wconf 59' lang='grc' dir='ltr'><strong>ς’(εῖειῖι</strong></span> <span class='ocrx_word' id='word_1_179' title='bbox 527 1489 573 1523; x_wconf 86' lang='lat' dir='ltr'><strong>ad</strong></span> <span class='ocrx_word' id='word_1_180' title='bbox 588 1495 756 1523; x_wconf 83' lang='lat' dir='ltr'><strong>naturam</strong></span> <span class='ocrx_word' id='word_1_181' title='bbox 771 1490 989 1534; x_wconf 87' lang='lat' dir='ltr'><strong>pertineant,</strong></span> <span class='ocrx_word' id='word_1_182' title='bbox 1005 1502 1087 1535; x_wconf 78' lang='lat' dir='ltr'><strong>quae</strong></span> <span class='ocrx_word' id='word_1_183' title='bbox 1102 1491 1224 1526; x_wconf 89' lang='lat' dir='ltr'><strong>vivere</strong></span> <span class='ocrx_word' id='word_1_184' title='bbox 1242 1498 1429 1536; x_wconf 89' lang='lat' dir='ltr'><strong>putantur,</strong></span> 
     </span>
     <span class='ocr_line' id='line_1_23' title="bbox 167 1545 1429 1591; baseline 0.002 -12"><span class='ocrx_word' id='word_1_185' title='bbox 167 1546 254 1591; x_wconf 89' lang='lat' dir='ltr'><strong>quia</strong></span> <span class='ocrx_word' id='word_1_186' title='bbox 272 1557 315 1580; x_wconf 87' lang='lat' dir='ltr'><strong>ex</strong></span> <span class='ocrx_word' id='word_1_187' title='bbox 332 1545 410 1589; x_wconf 88' lang='lat' dir='ltr'><strong>ejus</strong></span> <span class='ocrx_word' id='word_1_188' title='bbox 428 1545 502 1578; x_wconf 69' lang='lat' dir='ltr'><strong>vita</strong></span> <span class='ocrx_word' id='word_1_189' title='bbox 525 1551 705 1588; x_wconf 85' lang='lat' dir='ltr'><strong>aguntur;</strong></span> <span class='ocrx_word' id='word_1_190' title='bbox 731 1556 843 1589; x_wconf 89' lang='lat' dir='ltr'><strong>quare</strong></span> <span class='ocrx_word' id='word_1_191' title='bbox 866 1552 921 1579; x_wconf 87' lang='lat' dir='ltr'><strong>est</strong></span> <span class='ocrx_word' id='word_1_192' title='bbox 946 1546 1155 1580; x_wconf 88' lang='lat' dir='ltr'><strong>substantia</strong></span> <span class='ocrx_word' id='word_1_193' title='bbox 1178 1547 1228 1580; x_wconf 88' lang='lat' dir='ltr'><strong>ita</strong></span> <span class='ocrx_word' id='word_1_194' title='bbox 1251 1548 1372 1590; x_wconf 91' lang='lat' dir='ltr'><strong>realis,</strong></span> <span class='ocrx_word' id='word_1_195' title='bbox 1390 1555 1429 1582; x_wconf 91' lang='lat' dir='ltr'><strong>ut</strong></span> 
     </span>
     <span class='ocr_line' id='line_1_24' title="bbox 167 1600 1429 1647; baseline 0.002 -13"><span class='ocrx_word' id='word_1_196' title='bbox 167 1612 233 1646; x_wconf 88' lang='lat' dir='ltr'><strong>per</strong></span> <span class='ocrx_word' id='word_1_197' title='bbox 244 1601 344 1634; x_wconf 89' lang='lat' dir='ltr'><strong>illam</strong></span> <span class='ocrx_word' id='word_1_198' title='bbox 355 1600 387 1634; x_wconf 84' lang='lat'>&amp;</span> <span class='ocrx_word' id='word_1_199' title='bbox 399 1611 441 1634; x_wconf 82' lang='lat' dir='ltr'><strong>ex</strong></span> <span class='ocrx_word' id='word_1_200' title='bbox 455 1600 516 1632; x_wconf 94' lang='lat' dir='ltr'><strong>illa</strong></span> <span class='ocrx_word' id='word_1_201' title='bbox 530 1600 693 1644; x_wconf 78' lang='lat' dir='ltr'><strong>proxime</strong></span> <span class='ocrx_word' id='word_1_202' title='bbox 707 1600 907 1634; x_wconf 79' lang='lat' dir='ltr'><strong>existamus</strong></span> <span class='ocrx_word' id='word_1_203' title='bbox 923 1600 954 1634; x_wconf 62' lang='lat' dir='ltr'><strong>Sa</strong></span> <span class='ocrx_word' id='word_1_204' title='bbox 970 1601 1227 1645; x_wconf 84' lang='lat' dir='ltr'><strong>subsistamus,</strong></span> <span class='ocrx_word' id='word_1_205' title='bbox 1241 1602 1273 1636; x_wconf 67' lang='grc' dir='ltr'><strong>δε</strong></span> <span class='ocrx_word' id='word_1_206' title='bbox 1287 1602 1429 1647; x_wconf 90' lang='lat' dir='ltr'><strong>absque</strong></span> 
     </span>
     <span class='ocr_line' id='line_1_25' title="bbox 167 1654 1429 1700; baseline 0.002 -11"><span class='ocrx_word' id='word_1_207' title='bbox 167 1655 230 1689; x_wconf 90' lang='lat' dir='ltr'><strong>illa</strong></span> <span class='ocrx_word' id='word_1_208' title='bbox 248 1666 322 1689; x_wconf 93' lang='lat' dir='ltr'><strong>non</strong></span> <span class='ocrx_word' id='word_1_209' title='bbox 342 1655 505 1699; x_wconf 90' lang='lat' dir='ltr'><strong>Corpora</strong></span> <span class='ocrx_word' id='word_1_210' title='bbox 524 1655 589 1689; x_wconf 93' lang='lat' dir='ltr'><strong>sed</strong></span> <span class='ocrx_word' id='word_1_211' title='bbox 607 1654 748 1699; x_wconf 85' lang='lat' dir='ltr'><strong>stipites</strong></span> <span class='ocrx_word' id='word_1_212' title='bbox 767 1655 881 1689; x_wconf 89' lang='lat' dir='ltr'><strong>simus</strong></span> <span class='ocrx_word' id='word_1_213' title='bbox 898 1668 905 1696; x_wconf 90' lang='lat'>;</span> <span class='ocrx_word' id='word_1_214' title='bbox 932 1656 1086 1699; x_wconf 89' lang='lat' dir='ltr'><strong>proinde</strong></span> <span class='ocrx_word' id='word_1_215' title='bbox 1107 1657 1207 1700; x_wconf 91' lang='lat' dir='ltr'><strong>quod</strong></span> <span class='ocrx_word' id='word_1_216' title='bbox 1231 1657 1323 1690; x_wconf 87' lang='lat' dir='ltr'><strong>nihil</strong></span> <span class='ocrx_word' id='word_1_217' title='bbox 1344 1669 1429 1692; x_wconf 75' lang='lat' dir='ltr'><strong>vere</strong></span> 
     </span>
     <span class='ocr_line' id='line_1_26' title="bbox 168 1709 1429 1757; baseline 0.001 -12"><span class='ocrx_word' id='word_1_218' title='bbox 168 1710 410 1745; x_wconf 87' lang='lat' dir='ltr'><strong>substantiale</strong></span> <span class='ocrx_word' id='word_1_219' title='bbox 440 1710 486 1744; x_wconf 90' lang='lat' dir='ltr'><strong>sit</strong></span> <span class='ocrx_word' id='word_1_220' title='bbox 517 1710 553 1743; x_wconf 92' lang='lat' dir='ltr'><strong>in</strong></span> <span class='ocrx_word' id='word_1_221' title='bbox 576 1709 669 1743; x_wconf 88' lang='lat' dir='ltr'><strong>vivis</strong></span> <span class='ocrx_word' id='word_1_222' title='bbox 697 1710 933 1754; x_wconf 88' lang='lat' dir='ltr'><strong>Corporibus,</strong></span> <span class='ocrx_word' id='word_1_223' title='bbox 960 1722 1071 1755; x_wconf 84' lang='lat' dir='ltr'><strong>quam</strong></span> <span class='ocrx_word' id='word_1_224' title='bbox 1097 1712 1244 1755; x_wconf 88' lang='lat' dir='ltr'><strong>Anima,</strong></span> <span class='ocrx_word' id='word_1_225' title='bbox 1272 1712 1304 1745; x_wconf 58' lang='grc' dir='ltr'>ἃ</span> <span class='ocrx_word' id='word_1_226' title='bbox 1330 1713 1429 1757; x_wconf 88' lang='lat' dir='ltr'><strong>quod</strong></span> 
     </span>
     <span class='ocr_line' id='line_1_27' title="bbox 168 1765 1429 1811; baseline 0.002 -11"><span class='ocrx_word' id='word_1_227' title='bbox 168 1772 311 1809; x_wconf 87' lang='lat' dir='ltr'><strong>caetera,</strong></span> <span class='ocrx_word' id='word_1_228' title='bbox 328 1772 368 1800; x_wconf 90' lang='lat' dir='ltr'><strong>ut</strong></span> <span class='ocrx_word' id='word_1_229' title='bbox 385 1765 603 1807; x_wconf 88' lang='lat' dir='ltr'><strong>accessoria,</strong></span> <span class='ocrx_word' id='word_1_230' title='bbox 622 1765 659 1798; x_wconf 92' lang='lat' dir='ltr'><strong>in</strong></span> <span class='ocrx_word' id='word_1_231' title='bbox 682 1765 760 1809; x_wconf 90' lang='lat' dir='ltr'><strong>ejus</strong></span> <span class='ocrx_word' id='word_1_232' title='bbox 783 1765 951 1809; x_wconf 81' lang='lat' dir='ltr'><strong>gratiam,</strong></span> <span class='ocrx_word' id='word_1_233' title='bbox 970 1766 1113 1800; x_wconf 87' lang='lat' dir='ltr'><strong>adscita</strong></span> <span class='ocrx_word' id='word_1_234' title='bbox 1140 1767 1234 1808; x_wconf 88' lang='lat' dir='ltr'><strong>sint;</strong></span> <span class='ocrx_word' id='word_1_235' title='bbox 1261 1774 1299 1800; x_wconf 94' lang='lat' dir='ltr'><strong>ut</strong></span> <span class='ocrx_word' id='word_1_236' title='bbox 1326 1768 1429 1811; x_wconf 90' lang='lat' dir='ltr'><strong>fines,</strong></span> 
     </span>
     <span class='ocr_line' id='line_1_28' title="bbox 167 1820 1429 1864; baseline 0.001 -9"><span class='ocrx_word' id='word_1_237' title='bbox 167 1821 418 1855; x_wconf 88' lang='lat' dir='ltr'><strong>admiculante</strong></span> <span class='ocrx_word' id='word_1_238' title='bbox 435 1820 576 1862; x_wconf 73' lang='lat' dir='ltr'><strong>natura,</strong></span> <span class='ocrx_word' id='word_1_239' title='bbox 590 1831 655 1864; x_wconf 90' lang='lat' dir='ltr'><strong>per</strong></span> <span class='ocrx_word' id='word_1_240' title='bbox 673 1820 823 1854; x_wconf 88' lang='lat' dir='ltr'><strong>effectus</strong></span> <span class='ocrx_word' id='word_1_241' title='bbox 841 1827 1137 1864; x_wconf 88' lang='lat' dir='ltr'><strong>promoveantur,</strong></span> <span class='ocrx_word' id='word_1_242' title='bbox 1149 1833 1193 1855; x_wconf 87' lang='lat' dir='ltr'><strong>ac</strong></span> <span class='ocrx_word' id='word_1_243' title='bbox 1208 1821 1244 1854; x_wconf 90' lang='lat' dir='ltr'><strong>in</strong></span> <span class='ocrx_word' id='word_1_244' title='bbox 1258 1822 1429 1856; x_wconf 72' lang='lat' dir='ltr'><strong>universa</strong></span> 
     </span>
     <span class='ocr_line' id='line_1_29' title="bbox 167 1875 1428 1919; baseline 0.001 -10"><span class='ocrx_word' id='word_1_245' title='bbox 167 1876 229 1909; x_wconf 75' lang='lat' dir='ltr'><strong>illa</strong></span> <span class='ocrx_word' id='word_1_246' title='bbox 247 1876 442 1910; x_wconf 84' lang='lat' dir='ltr'><strong>effectuum</strong></span> <span class='ocrx_word' id='word_1_247' title='bbox 460 1886 523 1908; x_wconf 88' lang='lat' dir='ltr'><strong>seu</strong></span> <span class='ocrx_word' id='word_1_248' title='bbox 543 1885 737 1908; x_wconf 88' lang='lat' dir='ltr'><strong>causarum</strong></span> <span class='ocrx_word' id='word_1_249' title='bbox 755 1875 858 1917; x_wconf 85' lang='lat' dir='ltr'><strong>serie,</strong></span> <span class='ocrx_word' id='word_1_250' title='bbox 872 1875 1035 1909; x_wconf 89' lang='lat' dir='ltr'><strong>continui</strong></span> <span class='ocrx_word' id='word_1_251' title='bbox 1055 1876 1304 1919; x_wconf 87' lang='lat' dir='ltr'><strong>producantur</strong></span> <span class='ocrx_word' id='word_1_252' title='bbox 1322 1888 1428 1919; x_wconf 82' lang='lat' dir='ltr'><strong>usus3</strong></span> 
     </span>
     <span class='ocr_line' id='line_1_30' title="bbox 167 1930 1429 1975; baseline 0.002 -11"><span class='ocrx_word' id='word_1_253' title='bbox 167 1942 255 1964; x_wconf 88' lang='lat' dir='ltr'><strong>nam</strong></span> <span class='ocrx_word' id='word_1_254' title='bbox 273 1930 463 1964; x_wconf 89' lang='lat' dir='ltr'><strong>sublimior</strong></span> <span class='ocrx_word' id='word_1_255' title='bbox 480 1930 555 1963; x_wconf 87' lang='lat' dir='ltr'><strong>vita</strong></span> <span class='ocrx_word' id='word_1_256' title='bbox 573 1935 626 1963; x_wconf 89' lang='lat' dir='ltr'><strong>est</strong></span> <span class='ocrx_word' id='word_1_257' title='bbox 649 1930 906 1973; x_wconf 79' lang='lat' dir='ltr'><strong>intelligentia,</strong></span> <span class='ocrx_word' id='word_1_258' title='bbox 925 1941 967 1964; x_wconf 89' lang='lat' dir='ltr'><strong>ac</strong></span> <span class='ocrx_word' id='word_1_259' title='bbox 990 1931 1246 1974; x_wconf 81' lang='lat' dir='ltr'><strong>Intelligentiae</strong></span> <span class='ocrx_word' id='word_1_260' title='bbox 1268 1939 1335 1975; x_wconf 89' lang='lat' dir='ltr'><strong>est,</strong></span> <span class='ocrx_word' id='word_1_261' title='bbox 1354 1944 1429 1966; x_wconf 92' lang='lat' dir='ltr'><strong>non</strong></span> 
     </span>
     <span class='ocr_line' id='line_1_31' title="bbox 168 1984 1428 2030; baseline 0.001 -10"><span class='ocrx_word' id='word_1_262' title='bbox 168 1986 238 2020; x_wconf 92' lang='lat' dir='ltr'><strong>nisi</strong></span> <span class='ocrx_word' id='word_1_263' title='bbox 253 1997 363 2030; x_wconf 90' lang='lat' dir='ltr'><strong>quam</strong></span> <span class='ocrx_word' id='word_1_264' title='bbox 379 1985 509 2019; x_wconf 88' lang='lat' dir='ltr'><strong>intueri</strong></span> <span class='ocrx_word' id='word_1_265' title='bbox 525 1984 626 2027; x_wconf 91' lang='lat' dir='ltr'><strong>fines,</strong></span> <span class='ocrx_word' id='word_1_266' title='bbox 639 1984 671 2018; x_wconf 66' lang='grc' dir='ltr'><strong>δε</strong></span> <span class='ocrx_word' id='word_1_267' title='bbox 685 1996 750 2029; x_wconf 91' lang='lat' dir='ltr'><strong>per</strong></span> <span class='ocrx_word' id='word_1_268' title='bbox 763 1990 903 2018; x_wconf 84' lang='lat' dir='ltr'><strong>naturae</strong></span> <span class='ocrx_word' id='word_1_269' title='bbox 918 1985 1041 2019; x_wconf 90' lang='lat' dir='ltr'><strong>media</strong></span> <span class='ocrx_word' id='word_1_270' title='bbox 1055 1986 1251 2030; x_wconf 87' lang='lat' dir='ltr'><strong>disponere</strong></span> <span class='ocrx_word' id='word_1_271' title='bbox 1265 1987 1428 2030; x_wconf 84' lang='lat' dir='ltr'><strong>effectus,</strong></span> 
     </span>
     <span class='ocr_line' id='line_1_32' title="bbox 167 2039 1430 2086; baseline 0.001 -12"><span class='ocrx_word' id='word_1_272' title='bbox 167 2041 229 2086; x_wconf 89' lang='lat' dir='ltr'><strong>qui</strong></span> <span class='ocrx_word' id='word_1_273' title='bbox 261 2041 362 2075; x_wconf 91' lang='lat' dir='ltr'><strong>Usus</strong></span> <span class='ocrx_word' id='word_1_274' title='bbox 392 2040 572 2082; x_wconf 90' lang='lat' dir='ltr'><strong>dicuntur,</strong></span> <span class='ocrx_word' id='word_1_275' title='bbox 597 2046 779 2084; x_wconf 89' lang='lat' dir='ltr'><strong>quatenus</strong></span> <span class='ocrx_word' id='word_1_276' title='bbox 804 2039 853 2073; x_wconf 90' lang='lat' dir='ltr'><strong>ad</strong></span> <span class='ocrx_word' id='word_1_277' title='bbox 879 2039 989 2074; x_wconf 89' lang='lat' dir='ltr'><strong>finem</strong></span> <span class='ocrx_word' id='word_1_278' title='bbox 1016 2042 1317 2085; x_wconf 88' lang='lat' dir='ltr'><strong>consequendum</strong></span> <span class='ocrx_word' id='word_1_279' title='bbox 1344 2053 1430 2076; x_wconf 93' lang='lat' dir='ltr'><strong>con-</strong></span> 
     </span>
     <span class='ocr_line' id='line_1_33' title="bbox 167 2095 1429 2141; baseline 0 -11"><span class='ocrx_word' id='word_1_280' title='bbox 167 2097 318 2141; x_wconf 84' lang='lat' dir='ltr'><strong>spirant.</strong></span> <span class='ocrx_word' id='word_1_281' title='bbox 354 2096 423 2129; x_wconf 90' lang='lat' dir='ltr'><strong>Per</strong></span> <span class='ocrx_word' id='word_1_282' title='bbox 435 2095 554 2129; x_wconf 91' lang='lat' dir='ltr'><strong>levem</strong></span> <span class='ocrx_word' id='word_1_283' title='bbox 568 2095 803 2129; x_wconf 85' lang='lat' dir='ltr'><strong>reflexionem</strong></span> <span class='ocrx_word' id='word_1_284' title='bbox 816 2095 865 2128; x_wconf 88' lang='lat' dir='ltr'><strong>ad</strong></span> <span class='ocrx_word' id='word_1_285' title='bbox 879 2095 1112 2139; x_wconf 85' lang='lat' dir='ltr'><strong>operationes</strong></span> <span class='ocrx_word' id='word_1_286' title='bbox 1128 2103 1263 2130; x_wconf 79' lang='lat' dir='ltr'><strong>nostrae</strong></span> <span class='ocrx_word' id='word_1_287' title='bbox 1280 2098 1429 2139; x_wconf 86' lang='lat' dir='ltr'><strong>Mentis,</strong></span> 
     </span>
     <span class='ocr_line' id='line_1_34' title="bbox 168 2149 1430 2196; baseline 0 -10"><span class='ocrx_word' id='word_1_288' title='bbox 168 2152 257 2186; x_wconf 87' lang='lat' dir='ltr'><strong>satis</strong></span> <span class='ocrx_word' id='word_1_289' title='bbox 286 2151 382 2185; x_wconf 88' lang='lat' dir='ltr'><strong>clare</strong></span> <span class='ocrx_word' id='word_1_290' title='bbox 410 2150 639 2195; x_wconf 86' lang='lat' dir='ltr'><strong>perspicitur,</strong></span> <span class='ocrx_word' id='word_1_291' title='bbox 657 2149 757 2194; x_wconf 89' lang='lat' dir='ltr'><strong>quod</strong></span> <span class='ocrx_word' id='word_1_292' title='bbox 781 2149 922 2193; x_wconf 88' lang='lat' dir='ltr'><strong>intueri,</strong></span> <span class='ocrx_word' id='word_1_293' title='bbox 942 2150 1146 2195; x_wconf 89' lang='lat' dir='ltr'><strong>disponere,</strong></span> <span class='ocrx_word' id='word_1_294' title='bbox 1166 2151 1198 2185; x_wconf 67' lang='grc' dir='ltr'><strong>δε</strong></span> <span class='ocrx_word' id='word_1_295' title='bbox 1221 2152 1430 2196; x_wconf 85' lang='lat' dir='ltr'><strong>prospicere</strong></span> 
     </span>
     <span class='ocr_line' id='line_1_35' title="bbox 168 2205 1429 2251; baseline -0.001 -10"><span class='ocrx_word' id='word_1_296' title='bbox 168 2207 271 2250; x_wconf 89' lang='lat' dir='ltr'><strong>fines,</strong></span> <span class='ocrx_word' id='word_1_297' title='bbox 293 2206 339 2240; x_wconf 87' lang='lat' dir='ltr'><strong>sit</strong></span> <span class='ocrx_word' id='word_1_298' title='bbox 361 2217 508 2250; x_wconf 92' lang='lat' dir='ltr'><strong>prorsus</strong></span> <span class='ocrx_word' id='word_1_299' title='bbox 533 2205 718 2238; x_wconf 89' lang='lat' dir='ltr'><strong>diversum</strong></span> <span class='ocrx_word' id='word_1_300' title='bbox 741 2216 763 2238; x_wconf 92' lang='lat' dir='ltr'><strong>a</strong></span> <span class='ocrx_word' id='word_1_301' title='bbox 786 2205 907 2239; x_wconf 87' lang='lat' dir='ltr'><strong>causis</strong></span> <span class='ocrx_word' id='word_1_302' title='bbox 932 2205 964 2239; x_wconf 72' lang='grc' dir='ltr'><strong>δε</strong></span> <span class='ocrx_word' id='word_1_303' title='bbox 988 2206 1190 2250; x_wconf 86' lang='lat' dir='ltr'><strong>effectibus,</strong></span> <span class='ocrx_word' id='word_1_304' title='bbox 1214 2207 1275 2251; x_wconf 91' lang='lat' dir='ltr'><strong>qui</strong></span> <span class='ocrx_word' id='word_1_305' title='bbox 1300 2208 1429 2251; x_wconf 89' lang='lat' dir='ltr'><strong>adjun-</strong></span> 
     </span>
     <span class='ocr_line' id='line_1_36' title="bbox 166 2260 1429 2307; baseline 0 -11"><span class='ocrx_word' id='word_1_306' title='bbox 166 2269 311 2306; x_wconf 90' lang='lat' dir='ltr'><strong>guntur,</strong></span> <span class='ocrx_word' id='word_1_307' title='bbox 329 2268 368 2295; x_wconf 93' lang='lat' dir='ltr'><strong>ut</strong></span> <span class='ocrx_word' id='word_1_308' title='bbox 387 2261 469 2294; x_wconf 91' lang='lat' dir='ltr'><strong>finis</strong></span> <span class='ocrx_word' id='word_1_309' title='bbox 487 2271 552 2305; x_wconf 92' lang='lat' dir='ltr'><strong>per</strong></span> <span class='ocrx_word' id='word_1_310' title='bbox 569 2260 806 2294; x_wconf 91' lang='lat' dir='ltr'><strong>intermedios</strong></span> <span class='ocrx_word' id='word_1_311' title='bbox 826 2260 927 2303; x_wconf 88' lang='lat' dir='ltr'><strong>fines,</strong></span> <span class='ocrx_word' id='word_1_312' title='bbox 947 2261 1042 2295; x_wconf 89' lang='lat' dir='ltr'><strong>sicut</strong></span> <span class='ocrx_word' id='word_1_313' title='bbox 1059 2272 1182 2296; x_wconf 83' lang='lat' dir='ltr'><strong>causae</strong></span> <span class='ocrx_word' id='word_1_314' title='bbox 1201 2273 1265 2307; x_wconf 90' lang='lat' dir='ltr'><strong>per</strong></span> <span class='ocrx_word' id='word_1_315' title='bbox 1287 2263 1429 2297; x_wconf 90' lang='lat' dir='ltr'><strong>medias</strong></span> 
     </span>
     <span class='ocr_line' id='line_1_37' title="bbox 167 2315 1033 2362; baseline -0.001 -10"><span class='ocrx_word' id='word_1_316' title='bbox 167 2328 310 2361; x_wconf 86' lang='lat' dir='ltr'><strong>causas,</strong></span> <span class='ocrx_word' id='word_1_317' title='bbox 329 2316 514 2358; x_wconf 88' lang='lat' dir='ltr'><strong>succedat,</strong></span> <span class='ocrx_word' id='word_1_318' title='bbox 534 2316 566 2349; x_wconf 68' lang='grc' dir='ltr'>ἃ</span> <span class='ocrx_word' id='word_1_319' title='bbox 583 2326 714 2362; x_wconf 80' lang='lat' dir='ltr'><strong>gyrum</strong></span> <span class='ocrx_word' id='word_1_320' title='bbox 732 2326 839 2349; x_wconf 87' lang='lat' dir='ltr'><strong>suum</strong></span> <span class='ocrx_word' id='word_1_321' title='bbox 856 2315 1033 2360; x_wconf 84' lang='lat' dir='ltr'><strong>perficiat.</strong></span> 
     </span>
    </p>
   </div>
  </div>
 </body>
</html>
