1835 2672
400 169 422 200 4
818 160 889 194 ΡΑ
898 161 963 194 RS
995 161 1271 204 SECUNDA,

400 270 477 309 per
517 257 719 297 candoris
758 256 795 297 &
829 271 1033 310 purpurae
1064 257 1400 310 variegationes,
1431 256 1558 296 sicuti
1592 269 1669 309 per

400 326 578 374 colores,
599 327 717 379 picta
741 327 1117 379 repraesentabant
1136 340 1143 376 3
1169 326 1249 379 ipsi
1273 326 1462 378 denique
1478 325 1668 365 Amores

401 409 478 448 per
499 396 644 435 radios
667 396 831 435 similes
855 396 1083 448 cujusdam
1107 395 1252 435 vitalis
1284 395 1486 443 flammae,
1512 395 1552 433 in
1587 394 1666 433 has

400 464 575 513 formas,
599 465 655 504 ab
690 465 795 516 ipsis
828 465 976 512 oculis,
1008 471 1221 516 tanquam
1254 478 1279 503 a
1313 464 1400 503 suis
1434 463 1594 503 centris
1631 463 1669 503 &

401 534 520 583 focis,
538 535 807 587 erumpentis
828 549 835 575 :
868 535 928 574 sic
952 541 998 574 ut
1022 548 1078 573 ex
1103 534 1321 587 ipsissima
1343 534 1461 581 facie,
1483 534 1595 572 sicut
1611 546 1668 572 ex

401 604 563 656 scripta
590 604 782 656 quadarn
812 603 1163 651 tabe1151‚501isus
1196 604 1392 642 omnium
1424 602 1518 654 ejus
1551 602 1668 642 idea—

402 686 497 712 rum
521 674 940 725 cogitationumque,
965 685 1052 711 uno
1076 672 1248 719 intuitu,
1273 671 1451 724 pulchre
1474 684 1672 724 compre-

402 741 533 781 hendi
559 741 596 781 81
621 741 799 781 alterius
822 741 959 780 oculis
984 741 1081 793 legi,
1106 741 1332 792 potuisset.
1398 740 1449 779 In
1482 746 1574 779 tam
1608 740 1672 778 in-

403 817 528 862 tegro
551 809 730 849 Animae
752 815 882 858 statu,
909 823 994 848 non
1021 809 1166 861 potuit
1190 822 1276 848 non
1302 809 1449 860 imag-0
1473 809 1671 848 omnium

403 879 666 919 facultatum
709 880 978 926 interiorum,
1022 879 1063 917 in
1108 878 1325 917 ambitum
1370 877 1589 930 Corporis,
1632 876 1670 916 &

403 948 657 1001 cumprimis
680 947 722 987 in
745 947 942 996 Vultum,
969 948 1041 999 qui
1064 947 1198 986 etiam
1222 947 1386 999 effigies
1410 946 1544 986 animi
1568 945 1673 985 dici-

402 1025 485 1065 tur,
520 1017 777 1067 exsiluisse;
814 1030 916 1056 nam
955 1016 1061 1055 nihil
1099 1023 1190 1056 erat
1226 1015 1518 1068 interjectum,
1553 1015 1672 1068 quod

403 1087 714 1139 exscriptionis
738 1086 868 1138 hujus
891 1085 1090 1125 notulam
1115 1086 1350 1125 inverteret
1373 1098 1423 1124 ac
1447 1084 1671 1133 turbaret;

404 1155 596 1195 Animus
619 1156 734 1195 enim
764 1169 939 1208 prorsus
972 1155 1054 1194 sub
1086 1154 1270 1207 imperio
1303 1154 1480 1201 Mentis,
1506 1153 1548 1192 in
1582 1166 1671 1205 quo

405 1226 496 1277 ipse
520 1224 663 1264 Amor
687 1225 793 1265 Caeli
819 1224 1042 1276 regnabat,
1062 1223 1351 1275 obsequiosus
1369 1222 1518 1274 jacuit.
1574 1222 1674 1262 Hac

404 1294 584 1342 ratione,
608 1294 689 1333 hoc
724 1293 1073 1345 Primogenitum
1104 1293 1195 1342 Par,
1221 1306 1319 1332 cum
1342 1291 1578 1344 conjugam
1602 1305 1671 1330 ac—

405 1370 550 1402 turum
575 1370 688 1402 esset
712 1363 861 1409 vitam,
887 1369 1063 1401 mutuos
1086 1375 1322 1411 sermones,
1348 1361 1514 1414 absque
1545 1361 1674 1400 inter-

405 1439 527 1484 prete
563 1432 749 1484 Lingua,
774 1432 811 1471 ἃ
847 1432 1123 1471 auxiliatrice
1152 1431 1286 1480 Aure,
1311 1431 1384 1470 diu
1423 1431 1674 1470 consociare

406 1500 633 1553 potuisset.

461 1582 528 1621 90.
566 1570 676 1609 Haec
695 1568 1012 1608 formosissima
1038 1567 1198 1615 Puella,
1217 1581 1315 1606 cum
1338 1567 1379 1606 in
1404 1568 1546 1620 primo
1569 1573 1675 1606 aeta-

406 1640 461 1679 tis
500 1653 590 1678 suze
628 1639 712 1678 risu
748 1638 785 1678 &
823 1637 927 1677 ludo
960 1643 1086 1685 esset,
1109 1637 1146 1676 &
1171 1636 1277 1675 nihil
1300 1649 1386 1676 non
1411 1635 1673 1675 oblectabile

407 1715 600 1748 mentem
636 1708 727 1760 ejus
761 1720 897 1759 prone
931 1707 971 1745 in
1005 1705 1179 1745 laetitias
1211 1711 1395 1758 raperet,
1418 1705 1541 1753 forte,
1565 1704 1671 1744 dum

405 1777 665 1825 ambularet,
688 1777 744 1816 ad
778 1789 939 1828 aquam
973 1775 1202 1827 cujusdam
1235 1774 1380 1822 fontis,
1411 1774 1548 1813 instar
1578 1774 1673 1826 puri

406 1846 643 1898 chrystalli,
666 1859 804 1897 usque
827 1845 883 1884 ad
906 1845 1101 1891 fundum,
1125 1844 1197 1896 qui
1222 1857 1386 1896 opacus
1410 1849 1512 1891 erat,
1536 1842 1674 1894 pellu-

406 1917 563 1963 cidam,
584 1915 761 1955 divertit
781 1929 789 1964 3
819 1914 860 1953 in
880 1927 1012 1966 quam
1037 1926 1134 1952 cum
1158 1913 1307 1952 oculos
1328 1925 1428 1952 suos
1452 1911 1672 1963 dejiceret,

405 1985 665 2038 stupefacta,
709 1983 827 2035 quod
877 1983 1114 2034 imaginem
1157 1982 1237 2021 sub
1279 1995 1404 2034 aquae
1445 1980 1673 2032 superficie

406 2054 665 2101 fluitantem,
696 2053 733 2092 &
763 2053 868 2104 jam,
893 2053 1004 2091 sicut
1037 2052 1130 2104 ipsa
1160 2064 1205 2090 se
1235 2050 1513 2098 admovebat,
1537 2062 1673 2089 emer-

405 2129 594 2175 gentem,
614 2135 789 2174 prorsus
809 2121 864 2160 ad
882 2121 1038 2168 vivam,
1058 2120 1382 2172 conspicaretur
1400 2132 1407 2168 3
1432 2132 1539 2157 mox
1557 2131 1673 2165 vero,

406 2205 505 2232 cum
529 2190 912 2236 animadverteret,
937 2189 1055 2241 quod
1079 2189 1233 2228 eadem
1258 2188 1408 2236 forma,
1433 2188 1543 2226 sicut
1568 2186 1673 2239 ipsa,

406 2260 568 2300 similes
586 2260 772 2313 agitaret
797 2258 1101 2306 motiunculas,
1119 2258 1312 2309 dumque
1330 2256 1508 2310 propius
1531 2256 1671 2295 intue-

407 2337 531 2379 retur,
564 2329 681 2382 quod
719 2334 892 2367 suumet
926 2327 1105 2367 eburnei
1141 2326 1342 2366 candoris
1377 2331 1532 2378 pectus
1570 2337 1668 2364 cum
