1783 2760
474 144 553 178 DE
584 143 785 178 AMORE
817 143 960 177 PRJM
962 143 1068 177 OGE
1070 143 1137 177 NI
1140 143 1197 177 TI
1195 170 1202 176 .
1409 151 1472 186 109

208 242 370 282 sentias
406 242 461 290 id,
499 240 616 293 quod
654 254 677 280 e
713 240 820 280 caelo
856 240 1045 280 infertur.
1120 240 1172 280 Id
1209 240 1287 280 tibi
1324 254 1469 280 coram

210 310 549 358 demonstrabo;
590 309 863 361 intercipiam
894 308 1064 348 Lumen
1095 307 1213 356 illud,
1244 308 1361 361 quod
1394 323 1471 361 per

211 379 400 419 Matrem
423 384 557 426 tuam,
578 391 653 417 seu
682 377 875 417 animam
904 382 1111 425 nostram,
1134 376 1284 426 influit,
1309 376 1346 416 ἃ
1375 391 1470 429 per-

210 448 342 500 cipies
373 447 489 487 unde
525 452 625 486 tuus
661 445 907 485 intellectus
945 444 982 484 &
1019 444 1246 494 voluntas3
1289 445 1326 485 &
1363 459 1470 485 mox

210 516 332 568 quasi
356 515 554 555 recedere
582 515 675 554 visa
703 520 778 562 est,
802 519 907 553 tunc
935 513 1006 552 ille
1033 514 1128 553 tota
1156 519 1302 552 mente
1331 513 1470 552 inum-

208 583 367 631 bratus,
386 597 472 636 quo
492 582 614 622 vadis
637 595 734 621 mea
758 581 996 634 Sapientia,
1014 581 1151 621 voluit
1173 581 1372 630 clamare,
1392 582 1468 622 sed

208 652 336 692 haesit
375 666 464 692 vox
504 651 545 691 in
589 651 723 698 labiis,
763 650 800 690 ἃ
842 663 978 702 paene,
1019 651 1130 690 sicut
1170 650 1212 689 in
1254 650 1467 703 deliquiis,

207 720 487 774 stupefactuS,
522 720 759 767 cecidisset,
795 719 875 758 nisi
912 719 1058 758 subito
1094 718 1167 759 illa
1199 719 1354 759 iterum
1393 733 1469 772 ap-

209 790 448 843 paruisset,
477 789 652 842 percipe
683 788 787 840 jam,
819 787 923 840 quid
959 793 1083 827 tuum
1119 793 1196 837 est,
1229 787 1380 840 inquit,
1412 801 1467 828 an

211 857 397 898 multum
420 871 445 897 a
467 857 625 910 stipitis
648 858 801 896 natura
824 855 1038 905 abfueris;
1071 856 1147 895 secl
1169 869 1256 895 non
1287 869 1370 908 ego
1399 869 1469 896 me

209 926 383 974 removi,
407 926 524 966 oravi
548 924 700 973 solum,
726 931 773 964 ut
796 924 941 964 Mater
963 929 1110 963 nostra
1132 937 1187 963 ex
1210 924 1468 964 necessitate

211 995 409 1036 mutandi
451 1000 602 1043 status,
639 993 757 1046 quod
799 993 974 1033 luminis
1016 993 1138 1032 istius
1175 992 1354 1032 effectus
1391 999 1468 1041 est,

211 1063 373 1116 aliquid
414 1063 635 1102 remittere
678 1067 860 1115 posset3
912 1061 1011 1101 inde
1053 1061 1194 1113 caligo
1234 1061 1329 1110 ista,
1370 1075 1468 1114 quae

213 1132 409 1172 Mentem
431 1138 552 1171 tuam
574 1130 830 1170 occaecavit:
862 1142 1007 1169 annon
1034 1129 1089 1168 ab
1119 1129 1212 1181 ipsa
1240 1129 1467 1169 nobiscum

211 1200 416 1253 loquente
438 1199 652 1245 audivisti,
676 1198 793 1251 quod
822 1198 902 1237 sub
930 1197 1021 1249 ejus
1051 1197 1244 1249 auspicio
1272 1198 1404 1246 vivas,
1429 1197 1467 1238 Sc

211 1269 328 1322 quod
352 1268 498 1308 lumen
522 1267 637 1315 illud,
662 1266 779 1319 quod
804 1267 845 1305 in
869 1272 912 1306 te
934 1265 1086 1314 influit,
1108 1265 1163 1305 ab
1184 1265 1258 1305 illa
1279 1266 1345 1314 sit,
1368 1267 1470 1318 quia

211 1351 286 1390 per
308 1337 453 1377 illam:
506 1336 631 1376 Unus
655 1342 720 1375 est
744 1335 887 1382 modo,
912 1334 984 1387 qui
1010 1335 1126 1383 vivit,
1151 1348 1206 1374 ex
1237 1333 1337 1387 Quo
1367 1335 1470 1387 quia

210 1406 406 1455 vivimus,
441 1419 492 1445 eo
535 1405 704 1444 Eodem
746 1404 878 1443 etiam
914 1403 1106 1456 agimus,
1149 1404 1272 1456 sique
1307 1417 1363 1443 ex
1402 1403 1469 1443 Eo

209 1472 394 1514 vivimus
417 1473 454 1514 ἃ
477 1474 657 1525 agimus,
681 1473 724 1512 in
747 1472 813 1512 Eo
835 1485 992 1511 sumus.

272 1552 332 1595 59.
359 1543 441 1582 His
463 1542 633 1589 auditis,
652 1540 873 1594 paulisper
893 1540 1165 1593 tranquillus,
1182 1540 1320 1593 digito
1337 1540 1467 1580 fronti

210 1625 356 1652 versus
379 1611 476 1651 cilia
497 1616 744 1659 contractae,
767 1610 1000 1662 adplicam,
1023 1623 1169 1649 secum
1191 1610 1402 1657 versabat,
1428 1609 1466 1650 ἃ

211 1681 333 1734 quasi
355 1680 714 1728 subintuebatur;
746 1684 793 1718 ut
816 1679 930 1717 enim
948 1683 1122 1717 vacaret
1146 1684 1301 1726 mente,
1320 1678 1467 1718 lumen

213 1762 290 1789 suo
332 1748 456 1788 oculo
494 1747 735 1787 subduxit:
781 1759 968 1798 cumque
1005 1745 1194 1785 rationes
1231 1759 1330 1785 suas
1366 1760 1468 1785 con-

211 1817 370 1865 tulerit,
393 1817 571 1856 remisso
603 1815 759 1855 iterum
792 1814 965 1863 lumine,
993 1813 1030 1854 δε
1061 1813 1283 1866 explicata
1314 1814 1467 1864 fronte,

212 1885 359 1925 hilaris
400 1884 437 1924 &
479 1885 614 1924 comis
657 1883 928 1935 Sapientiam
970 1896 1093 1921 suam
1136 1882 1466 1935 alloquebatur;

212 1954 441 2006 comperio,
457 1953 614 2001 dicens,
631 1952 746 2005 quod
763 1951 1156 2003 utrumqueVisum
1174 1951 1276 1990 mihi
1291 1957 1465 2001 temere,

213 2028 259 2062 ut
291 2035 447 2070 meum,
469 2021 789 2066 vindicaverim,
813 2033 913 2059 nam
945 2033 1001 2059 ex
1034 2019 1142 2071 Ejus
1176 2020 1296 2063 Esse.
1327 2033 1352 2059 a
1380 2034 1467 2072 quo

213 2103 308 2130 sum
332 2090 369 2130 ἃ
392 2090 553 2138 exstiti,
577 2102 663 2128 non
687 2094 844 2141 potest,
860 2088 963 2140 quin
987 2088 1119 2127 etiam
1142 2088 1284 2128 vivam
1308 2087 1346 2128 ἃ
1369 2089 1468 2128 sub-

214 2159 374 2206 sistam,
414 2171 536 2197 secus
578 2157 746 2197 revulsa
789 2156 897 2196 foret
936 2156 1103 2208 copula,
1148 2156 1185 2196 Sc
1229 2157 1469 2209 intercepta

214 2227 570 2266 communicatio:
600 2238 749 2265 verum
768 2238 903 2276 usque
919 2225 1069 2264 videor
1085 2225 1189 2264 mihi
1210 2238 1338 2277 posse
1359 2225 1469 2264 velle

215 2309 344 2336 omne
366 2295 420 2345 id,
444 2295 560 2348 quod
583 2294 771 2347 aliquem
793 2299 938 2334 actum
959 2293 1001 2333 in
1028 2294 1178 2333 Mente
1208 2293 1245 2333 &
1276 2292 1468 2345 Corpore
