1835 2672
333 121 396 156 106
533 122 718 157 CAPUT
748 123 1068 168 SECUNDUAI,
1102 124 1296 159 SECTIO
1329 124 1404 159 III.

328 226 589 260 concentum
620 221 862 271 reciderint,
893 222 936 262 id
970 228 1073 272 erat,
1108 228 1155 262 ut
1191 223 1284 275 ipse
1319 222 1598 275 perspiceres,

329 289 447 342 quod
486 289 592 329 nihil
629 304 654 330 a
692 296 746 339 te,
783 291 859 331 sed
903 292 1052 331 omnia
1093 305 1117 331 a
1161 291 1377 344 Supremo
1419 291 1600 343 ejusque

328 358 508 405 Amore,
542 360 583 399 in
617 347 836 399 ordinenr
856 359 893 399 ἃ
925 361 1131 400 unionem
1162 374 1298 408 suam,
1329 359 1493 400 fluant:
1535 360 1599 399 in-

330 427 598 480 dignationis
621 434 696 468 aut
719 428 880 468 doloris
907 428 1131 481 quandam
1154 430 1344 481 speciem
1368 428 1528 481 injecit,
1550 434 1599 468 ut

329 497 527 545 disceres,
562 497 680 549 quod
713 498 819 537 nihil
849 504 974 537 tuum
1005 498 1072 547 sit,
1105 498 1223 551 quod
1261 504 1466 538 autumas
1504 510 1599 537 esse

328 572 481 615 tuum,
514 579 663 606 sumus
701 567 816 606 enim
856 567 1082 615 Potentiae,
1119 581 1193 606 seu
1232 567 1411 619 Organa
1449 565 1487 606 &
1527 566 1599 606 In-

329 640 574 674 strumenta
602 635 730 683 Vitae,
762 634 799 674 ἃ
829 635 889 675 sic
918 635 1222 685 Mediationes,
1241 649 1318 688 per
1345 648 1453 688 quas
1484 634 1599 676 Ulti-

330 717 450 743 mum
480 703 535 743 ad
568 704 772 752 Primum,
797 703 834 744 δε
867 705 1060 744 Primum
1091 705 1146 744 ad
1180 704 1412 753 Ultimum,
1435 710 1506 744 eat
1535 717 1598 743 re-

329 773 520 825 deatque
539 787 547 822 3
580 773 772 825 proinde,
796 773 914 825 quod
938 774 1097 822 omnia,
1120 787 1217 826 quae
1241 779 1386 813 creata
1406 779 1519 821 sunt,
1542 773 1598 813 ad

330 840 446 881 Eum
485 855 563 895 per
598 847 641 881 te
679 841 874 890 influant,
908 841 946 881 ἃ
981 842 1041 882 sic
1079 848 1304 895 perpetuo,
1336 842 1445 882 sicut
1482 841 1599 881 facta

330 917 444 959 sunt,
486 910 738 958 subsistant,
782 923 884 949 nam
936 910 1220 950 subsistentia
1271 918 1336 951 est
1387 916 1601 964 perpetua

330 980 580 1027 existentia,
615 978 653 1018 δι
686 979 960 1018 conservatio
993 986 1057 1019 est
1090 985 1303 1032 perpetua
1334 980 1522 1020 creatio:
1554 979 1598 1019 id

331 1055 423 1088 erat
447 1048 539 1101 ipse
562 1047 659 1087 finis
680 1047 809 1100 hujus
832 1047 933 1088 ludi.

390 1119 452 1168 58.
488 1118 636 1171 Quum
659 1117 725 1157 his
747 1117 875 1158 dictis
898 1117 1074 1157 avidam
1097 1131 1221 1158 suam
1247 1117 1444 1157 Mentem
1474 1116 1598 1169 quasi

330 1187 622 1240 immergeret,
643 1200 700 1226 ex
723 1186 900 1235 ultimis,
918 1186 1036 1239 quod
1061 1186 1165 1226 nihil
1188 1200 1315 1227 suum
1338 1192 1463 1235 esset,
1480 1185 1599 1238 quod

330 1262 580 1296 autumaret
603 1269 696 1295 esse
724 1269 863 1304 suum,
886 1257 1009 1309 quasi
1039 1255 1276 1308 perculsus,
1300 1269 1447 1296 secum
1477 1254 1599 1295 volu-

330 1332 423 1365 tare
458 1325 606 1378 coepit‚
640 1339 745 1365 num
783 1325 865 1365 hoc
896 1326 938 1364 in
971 1338 1122 1365 aurem
1161 1338 1304 1364 meam
1339 1324 1486 1377 jocata
1523 1329 1598 1372 est,

331 1408 476 1434 annon
506 1407 653 1434 meum
684 1399 761 1442 est,
790 1407 937 1434 secum
968 1393 1163 1446 loquens,
1194 1393 1312 1446 quod
1348 1393 1600 1446 percipiam,

331 1463 449 1516 quod
477 1463 677 1511 sentiam,
699 1462 817 1514 quod
848 1463 1105 1514 dignoscam
1135 1462 1366 1511 bonitates,
1387 1462 1503 1514 quod
1526 1461 1601 1501 de-

331 1531 518 1571 siderem
551 1544 683 1570 unam
718 1544 806 1583 prae
839 1530 1002 1579 altera;
1040 1544 1144 1570 num
1179 1530 1282 1570 mihi
1315 1543 1401 1570 non
1434 1531 1528 1578 sim,
1560 1529 1599 1570 &

332 1608 480 1640 tamen
497 1600 647 1639 videar
668 1599 773 1638 mihi
796 1613 910 1648 esse;
942 1600 975 1638 si
994 1598 1087 1638 haec
1105 1612 1201 1638 mea
1220 1612 1305 1638 non
1324 1605 1437 1647 sunt,
1452 1599 1600 1638 omnia

332 1669 415 1709 ista
436 1682 548 1708 vana
571 1674 673 1708 sunt
696 1669 887 1716 nomina,
907 1667 944 1707 ἃ
968 1674 1179 1720 tanquam
1196 1668 1396 1708 volatiles
1415 1667 1599 1721 plumae;

333 1751 411 1777 nec
435 1737 664 1777 interesset
688 1743 763 1777 aut
786 1736 958 1776 abesset
980 1750 1077 1776 mea
1098 1737 1187 1776 vita
1205 1736 1355 1789 procul
1373 1736 1429 1776 ab
1445 1736 1601 1776 umbra

332 1813 407 1846 aut
424 1806 557 1846 nihilo
573 1820 581 1855 ;
605 1820 703 1846 cum
721 1807 811 1859 ipse
827 1806 1029 1859 cogitatis
1045 1820 1091 1846 se
1104 1805 1308 1854 sufflaret,
1325 1805 1599 1859 Sapientiam

334 1889 465 1915 manu
508 1874 768 1928 prehensam
809 1875 890 1915 sibi
932 1876 1112 1928 propius
1159 1876 1368 1923 admovit,
1412 1874 1451 1915 &
1494 1874 1599 1928 quid

334 1944 439 1984 mihi
469 1944 633 1993 dixisti,
664 1945 737 1993 ait,
765 1945 883 1997 quod
914 1943 1019 1984 nihil
1054 1958 1199 1984 meum
1229 1944 1295 1992 sit,
1322 1943 1441 1996 quod
1473 1950 1600 1983 autu-

333 2027 449 2053 mem
472 2027 564 2053 esse
588 2027 747 2061 meum,
770 2013 807 2053 &
832 2014 949 2066 quod
973 2013 1066 2053 sola
1095 2013 1293 2066 potentia
1322 2013 1415 2061 sim,
1439 2012 1599 2052 siccine

333 2096 403 2122 me
444 2081 663 2122 oblectare
705 2082 855 2122 studes
897 2096 974 2135 per
1006 2081 1213 2135 joculum,
1252 2095 1396 2121 annon
1435 2094 1491 2120 ex
1529 2094 1600 2121 me

332 2159 478 2192 tecum
522 2151 702 2203 loquor;
753 2164 941 2203 cumque
992 2165 1038 2190 se
1089 2151 1327 2191 accendere
1377 2150 1598 2202 inciperet,

334 2220 562 2274 Sapientia
591 2225 859 2259 crescentem
890 2225 1111 2259 moratura
1139 2218 1341 2266 calorem,
1365 2232 1463 2258 cum
1492 2231 1600 2270 pace

336 2291 373 2331 ὃς
406 2289 533 2330 venia
561 2294 649 2338 tua,
680 2288 834 2341 inquit,
864 2301 951 2328 non
984 2288 1062 2338 Te,
1093 2288 1152 2328 mi
1186 2286 1400 2328 Domine!
1431 2286 1600 2327 deludi—
