1835 2672
445 146 489 191 36
862 147 1004 181 PARS
1035 146 1307 192 SECUNDA,

445 245 639 294 miscent,
660 245 769 285 sicut
792 244 882 285 luta
904 244 1129 285 clarissimi
1150 245 1281 286 fontis
1303 245 1439 298 aquis,
1462 259 1519 286 ex
1541 244 1698 299 quibus

443 313 622 366 collyria
655 314 779 354 factis
815 314 1015 354 oblinunt
1050 313 1210 363 oculos,
1244 319 1292 354 ut
1326 314 1474 354 omnia
1505 314 1696 363 videant,

443 382 519 421 sed
565 382 671 422 nihil
716 382 987 435 intelligant;
1039 388 1308 435 quapropter
1351 382 1538 423 volitant
1583 383 1696 423 sicut

444 450 632 491 Noctuae
652 465 799 491 exosae
821 450 974 500 lucem,
999 450 1036 490 &
1059 457 1203 490 errant
1231 451 1342 490 sicut
1369 450 1477 490 fatui
1511 450 1652 502 Ignes,
1674 464 1700 491 a

448 519 609 572 palude
635 519 678 559 in
704 519 938 572 paludem;
971 519 1025 558 de
1046 518 1214 559 Amore
1237 518 1355 568 Caeli,
1379 519 1433 559 de
1460 519 1601 559 Nobis
1629 520 1700 559 In-

443 587 705 640 telligentiis,
722 588 777 628 de
794 589 899 628 Vita
924 587 1109 637 Caelesti,
1130 587 1325 640 Ejusque
1348 588 1629 638 Mediatione,
1644 588 1699 628 de

443 656 613 697 Afflatu
638 657 809 706 Divino,
829 656 867 696 ἃ
890 656 944 696 de
967 655 1143 708 Duplici
1166 657 1209 696 in
1235 656 1432 697 Mentem
1454 657 1549 707 Via,
1565 657 1700 697 verbo

443 724 499 764 de
534 725 735 765 omnibus
771 738 901 777 supra
941 729 1142 764 naturam
1180 724 1218 764 ἃ
1253 724 1347 777 ejus
1383 725 1530 775 vitam,
1562 739 1698 766 vanas

443 793 608 845 absque
641 793 874 841 intellectu,
897 793 1008 833 sicut
1042 793 1232 842 Psittaci,
1261 794 1456 845 garriunt
1487 807 1627 843 voces,
1660 794 1698 834 &

443 863 503 902 sic
524 861 713 914 frigidos,
737 861 901 914 absque
923 860 1159 910 voluntate,
1179 861 1402 901 excudunt
1425 868 1571 902 actus:
1596 877 1698 903 nam

442 931 612 970 inverso
645 930 797 970 ordine
831 930 984 969 intime
1017 929 1162 969 celant
1200 930 1428 980 Naturam,
1451 930 1489 970 ἃ
1518 932 1561 971 in
1590 932 1700 984 peri-

443 998 616 1052 pherias
637 998 833 1050 rejiciunt
862 999 1050 1049 Divina;
1083 1004 1351 1051 quapropter
1372 999 1503 1039 etiam
1526 1000 1567 1039 in
1590 999 1702 1052 pub-

443 1067 535 1107 licis
569 1066 607 1107 &
641 1067 820 1120 privatis
854 1066 968 1116 foris,
1005 1073 1257 1120 praetexunt
1287 1066 1477 1108 Amores
1513 1068 1630 1118 Caeli,
1661 1068 1700 1109 &

443 1137 573 1176 Fines
626 1135 838 1188 Supremi,
887 1135 991 1175 dum
1041 1136 1226 1188 penitus,
1277 1136 1387 1176 sicut
1437 1136 1480 1176 in
1531 1137 1702 1187 centris,

443 1204 633 1245 Amores
653 1204 718 1244 sui
742 1203 779 1244 Sc
803 1203 991 1244 Amores
1014 1204 1170 1244 Mundi
1191 1204 1436 1255 occultant;
1464 1205 1538 1257 qui
1563 1218 1617 1245 ne
1643 1219 1700 1246 ex

443 1273 586 1313 fasciis
627 1273 715 1313 suis
748 1279 823 1313 aut
863 1273 989 1313 nodis
1021 1278 1264 1326 erumpant,
1298 1274 1544 1326 praetimidi‚
1580 1287 1700 1314 men-

443 1345 573 1385 daces
614 1343 860 1384 obtendunt
900 1343 1075 1395 vultus;
1116 1343 1177 1383 sic
1218 1344 1330 1384 bene
1370 1344 1542 1393 conscii,
1581 1343 1699 1396 quod

443 1413 599 1454 inversi
638 1412 814 1454 Ordinis
849 1418 983 1465 agant
1016 1413 1182 1463 vitam;
1213 1412 1388 1462 scilicet,
1411 1412 1528 1465 quod
1558 1412 1699 1453 ultimi

444 1482 639 1522 Effectus
675 1481 762 1521 sint
796 1494 946 1521 eorum
982 1495 1096 1529 usus,
1122 1480 1160 1521 ἃ
1198 1480 1241 1521 hi
1281 1482 1399 1522 Usus
1431 1482 1518 1522 sint
1549 1495 1698 1522 eorum

442 1550 562 1601 fines,
585 1550 623 1591 ἃ
655 1551 784 1590 Fines
817 1548 1021 1589 inchoent
1053 1550 1095 1589 in
1125 1549 1305 1599 Natura,
1331 1549 1368 1590 &
1395 1555 1571 1603 peracto
1593 1563 1699 1603 quo-

442 1620 546 1660 dam
581 1633 702 1672 gym,
724 1618 857 1659 etiam
881 1618 1085 1658 desinant
1113 1618 1156 1657 in
1186 1624 1386 1658 naturam
1408 1632 1417 1668 ;
1447 1619 1630 1671 proinde
1655 1619 1698 1658 in

443 1688 582 1728 noctis
605 1687 697 1739 ejus
719 1687 932 1735 umbram,
957 1685 994 1726 ἃ
1017 1686 1183 1726 brumae
1210 1686 1301 1738 ejus
1324 1686 1468 1739 frigus,
1491 1685 1528 1726 &
1561 1686 1621 1726 sic
1653 1686 1696 1726 in

442 1757 600 1798 inferas
621 1756 716 1796 illas
738 1755 875 1804 sedes,
897 1768 994 1808 quae
1017 1755 1220 1795 dicuntur
1242 1754 1372 1794 Erebi
1395 1754 1432 1794 &
1456 1753 1567 1795 Orci.

505 1826 594 1867 108.
628 1825 701 1864 Ex
725 1824 890 1866 Ordine
907 1823 999 1876 jam
1023 1823 1065 1863 in
1088 1824 1271 1876 utraque
1287 1824 1365 1863 sua
1382 1823 1523 1876 effigie
1544 1836 1699 1876 reprae-

441 1933 527 1967 vitae
549 1931 738 1973 exercitiis,
755 1930 842 1975 quia
864 1929 1034 1964 omnibus
1056 1929 1168 1973 fibris,
1184 1940 1228 1964 ex
1249 1929 1393 1974 quibus,
1414 1934 1453 1963 ut
1471 1929 1698 1972 substantiis,

443 1999 571 2023 omnes
588 1987 697 2030 vires,
713 1986 843 2019 virium
861 1985 974 2027 modi,
987 1996 1051 2019 seu
1069 1985 1245 2029 actiones,
1258 1985 1447 2028 resultant,
1462 1984 1555 2019 inest
1572 1997 1579 2025 3
1597 1995 1698 2029 pror-

443 2055 504 2078 sus
523 2043 615 2077 sicut
634 2052 743 2085 supra
760 2046 1005 2074 memoratum
1027 2046 1093 2074 est.
1145 2040 1228 2073 Hac
1254 2039 1395 2073 ratione
1421 2038 1601 2072 clauditur
1626 2038 1698 2072 Via

444 2097 617 2142 Superior
632 2109 640 2138 ;
666 2095 764 2140 quod
783 2095 833 2138 fit,
852 2095 938 2128 dum
956 2095 1027 2128 Via
1047 2095 1201 2128 Inferior
1218 2094 1414 2128 introrsum
1432 2094 1615 2138 panditur,
1633 2104 1697 2128 seu

441 2155 525 2188 illuc
543 2159 684 2187 naturae
702 2158 806 2196 porta
818 2151 986 2195 aperitur.
1032 2151 1106 2195 Ipsi
1127 2150 1290 2185 Effectus
1304 2157 1380 2183 tam
1397 2150 1590 2194 perspicue
1601 2150 1697 2184 hanc

441 2209 646 2244 Veritatem
675 2206 905 2249 confirmant,
935 2212 974 2240 ut
1001 2206 1251 2251 unusquisque
1279 2204 1403 2249 aliqua
1438 2205 1573 2249 ingenii
1600 2205 1697 2246 dote,

442 2275 527 2298 cum
544 2262 775 2307 experientia:
793 2261 898 2305 mica,
912 2261 1098 2305 praeditus,
1111 2272 1184 2294 non
1204 2259 1319 2304 possit
1336 2271 1410 2292 non
1425 2259 1462 2293 id
1476 2270 1696 2304 agnoscere3

441 2320 586 2355 Veritas
604 2318 702 2353 enirn
720 2317 911 2362 propalata
929 2317 1090 2362 seipsam
1108 2327 1174 2361 per
1191 2326 1296 2350 suam
1312 2315 1433 2350 lucem
1451 2315 1624 2350 declarat.
