1783 2760
488 181 567 215 DE
604 180 750 215 ORTU
783 179 1058 213 TELLURJS.
1358 188 1395 212 11

205 290 264 321 10.
300 280 522 320 Immenso
543 278 625 319 hoc
648 277 862 318 Lacunari
885 277 1092 323 diffracto,
1116 276 1298 316 totidem
1323 290 1400 316 ex-

142 348 297 388 siluere
326 348 479 396 Moles,
508 352 615 400 quot
645 347 686 386 in
715 346 797 385 hoc
827 345 1042 386 Universo
1074 345 1401 397 conspiciuntur

142 417 329 456 errantia
360 416 525 464 Sidera,
556 415 741 454 Telluris
777 420 936 454 nostrae
968 412 1153 453 aemula:
1193 412 1267 452 sed
1301 426 1400 465 quae

142 484 285 524 adhuc
305 484 518 532 informia,
543 483 580 523 ἃ
604 485 645 523 in
670 483 787 523 nullo
811 482 966 522 librata
993 481 1163 529 aethere,
1188 494 1397 533 magnum

141 553 207 592 sui
231 553 448 594 Genitoris
471 552 653 592 limbum
678 556 944 603 premerent:
977 549 1094 589 nulla
1111 550 1225 589 enim
1242 550 1305 589 vis
1328 562 1401 588 eas

142 620 227 661 alio
250 622 402 673 rapuit.
465 621 535 660 Ita
557 621 667 660 sicut
689 620 901 659 lactantes
931 618 1078 659 Glomi
1106 632 1220 671 pone
1244 618 1401 658 ardens

144 689 339 728 Parentis
360 689 584 741 gremium,
602 688 639 727 ἃ
658 689 779 740 quasi
797 688 851 727 ad
875 687 966 740 ejus
989 687 1131 735 ubera,
1149 686 1286 739 sparsi
1304 699 1402 738 pro-

142 756 392 797 cubuerunt.
438 756 547 795 Mox
569 769 670 795 vero
693 756 796 795 dum
822 754 908 803 Sol,
931 754 1106 794 reclusis
1127 753 1273 802 valvis,
1298 753 1335 793 ἃ
1359 754 1401 792 in

126 826 270 864 vinane
292 825 538 864 universum
561 823 812 876 patentibus
833 824 979 876 portis,
1005 836 1061 862 ex
1085 823 1173 864 Ore
1202 836 1280 862 suo
1308 821 1401 874 jam

143 893 272 946 pleno
308 892 344 933 ἃ
375 893 600 941 intumido,
624 893 773 944 igneos
802 891 1003 944 ejaculari
1031 891 1203 940 halitus,
1227 891 1264 931 &
1294 889 1401 930 illud

143 960 231 1000 suis
252 960 459 1012 potentiis
483 959 520 999 ἃ
543 959 704 999 viribus
727 959 974 998 distendere
997 960 1214 1010 coepisset,
1238 959 1402 998 vicinas

142 1028 331 1080 primum
367 1027 404 1068 δε
440 1041 545 1067 mox
579 1027 802 1067 ulteriores
836 1028 1077 1075 distantias,
1100 1026 1245 1075 Auris,
1271 1026 1308 1066 &
1342 1027 1402 1066 sic

147 1096 319 1149 spatiis,
342 1096 619 1149 opplevit(f)
640 1109 648 1145 ;
701 1096 810 1135 Inde
838 1101 958 1135 ortus
978 1095 1161 1145 AEther;
1193 1095 1266 1147 qui
1297 1095 1402 1135 dum

146 1187 303 1229 Ovariis‚
321 1187 407 1221 dein
425 1187 521 1220 intra
541 1186 703 1220 Chorion
721 1186 753 1220 &
771 1186 945 1229 Amnion,
964 1197 1047 1230 quae
1066 1197 1148 1219 cum
1172 1196 1238 1219 suo
1261 1184 1402 1229 liquido

144 1242 304 1276 referunt
322 1249 455 1276 testam
471 1253 554 1275 cum
572 1242 744 1285 albugine
762 1242 799 1275 in
820 1242 910 1275 Ovo.
952 1241 1103 1275 Semina
1122 1251 1267 1285 quoque
1284 1241 1402 1283 Vege-

144 1298 324 1340 tabilium,
343 1308 425 1342 quae
451 1297 624 1331 tuniculis
651 1297 831 1339 obvelata,
859 1297 891 1330 Sc
917 1308 1027 1330 succo
1053 1297 1186 1330 aemulo
1212 1296 1310 1329 intus
1336 1295 1404 1329 cir-

145 1353 329 1395 cumdata,
348 1352 447 1386 idem
464 1358 738 1396 repraesentant.
779 1352 918 1385 Similis
937 1351 1049 1386 etiam
1068 1351 1238 1385 omnibus
1257 1357 1404 1385 constat

144 1409 248 1451 ratio,
264 1419 349 1441 narn
368 1407 455 1440 dum
473 1407 579 1440 nixus
597 1414 742 1451 tempus
760 1407 883 1449 instat,
904 1407 980 1441 sive
998 1407 1035 1440 in
1053 1413 1166 1449 utero,
1183 1407 1323 1440 semine
1341 1412 1404 1440 aut

145 1474 227 1506 ovo,
239 1462 477 1506 disrumpitur
490 1461 730 1505 involucrum,
743 1463 1023 1504 tunicula,testa
1040 1474 1047 1496 ι
1073 1463 1191 1496 solum
1211 1462 1404 1496 intercedit

146 1518 342 1552 discrimen
377 1518 470 1551 inter
502 1518 582 1552 haec
617 1518 759 1551 minora
788 1524 913 1562 partus
940 1518 1120 1562 exempla,
1143 1518 1175 1551 δε
1200 1517 1403 1551 maximum

148 1574 254 1615 Solis,
281 1572 381 1617 quod
406 1572 502 1606 fotus
529 1583 592 1606 seu
624 1573 733 1615 calor,
759 1573 795 1606 in
828 1572 916 1615 Illis,
944 1573 991 1606 ab
1021 1572 1164 1606 extimis
1195 1572 1243 1605 ad
1273 1572 1403 1621 intima

146 1635 324 1673 penetret,
343 1634 541 1671 antequam
568 1628 616 1661 ab
642 1628 779 1661 intimis
805 1628 881 1671 agit
907 1628 943 1661 in
969 1628 1129 1669 extima;
1161 1628 1197 1661 in
1218 1629 1301 1661 Hoc
1317 1638 1403 1661 vero

146 1684 193 1717 ab
212 1683 350 1716 intimis
368 1682 415 1716 ad
434 1683 580 1724 extima,
598 1689 636 1716 ut
654 1682 779 1717 redeat
797 1693 923 1716 versus
942 1683 1014 1725 illa,
1033 1694 1115 1727 quae
1136 1683 1265 1716 intima
1288 1682 1403 1716 invol-

146 1745 260 1780 vunt3
298 1739 390 1772 ratio
420 1738 518 1772 enim
544 1749 692 1782 prorsus
718 1738 863 1772 inversa
889 1738 996 1771 datur
1022 1738 1244 1782 operationis
1271 1738 1403 1782 princi-

147 1794 301 1839 piorum,
336 1804 447 1837 quam
481 1804 674 1826 causarum
707 1799 770 1827 aut
803 1792 999 1826 effectuum
1040 1804 1062 1826 a
1102 1793 1291 1837 principiis
1325 1793 1404 1826 istis

147 1849 406 1884 existentium:
429 1848 500 1882 hoc
524 1848 788 1892 sempiternum
813 1853 880 1890 est,
898 1858 973 1880 non
999 1847 1118 1881 solum
1144 1848 1179 1881 in
1206 1848 1403 1882 momentis

147 1911 284 1949 partus,
305 1904 369 1937 sed
386 1903 498 1937 etiam
517 1903 553 1936 in
573 1903 726 1946 caeteris,
744 1903 843 1947 quod
862 1913 925 1947 per
944 1903 1125 1947 Exempla
1142 1903 1347 1936 illustrandi
1366 1903 1402 1936 in

148 1959 384 2004 sequentibus
399 1958 506 1992 datur
519 1958 632 1992 locus.
670 1958 752 1991 Hoc
768 1964 876 2001 pacto
892 1964 975 1991 sunt
986 1957 1022 1991 hi
1037 1958 1153 1992 Orbes
1166 1958 1404 1992 nihilominus

148 2015 267 2049 foetus
286 2025 330 2047 ex
353 2013 434 2046 sinu
460 2013 554 2047 Solis
580 2024 686 2046 suum
711 2019 830 2046 ortum
855 2012 887 2046 δε
911 2012 1144 2047 existentiam
1167 2013 1290 2054 nacti3
1316 2025 1404 2047 nam

152 2070 348 2103 Elementa
385 2068 461 2102 sive
495 2068 708 2102 immediate
740 2079 762 2101 a
797 2068 932 2102 Centro
966 2068 1002 2101 in
1044 2069 1264 2102 immensam
1304 2069 1404 2102 illam

150 2131 321 2166 crustam,
341 2123 417 2156 sive
441 2134 463 2156 a
485 2123 701 2167 peripheriis
725 2123 771 2157 ab
795 2134 839 2157 eo
863 2123 1042 2167 excitatis,
1062 2124 1094 2158 Sc
1112 2124 1159 2158 ad
1181 2125 1303 2158 Centri
1328 2136 1404 2158 am-

149 2180 278 2222 bitum,
309 2190 392 2212 cum
426 2178 694 2212 inchoamentis
729 2177 819 2221 istis,
851 2178 1017 2223 relapsis,
1050 2185 1225 2223 congesta
1260 2180 1404 2223 fuerint,

150 2234 281 2269 eodem
299 2233 401 2267 redit.

198 2289 260 2334 (f)
280 2290 364 2333 Ipse
375 2288 517 2330 AEther,
525 2299 596 2332 quo
608 2287 832 2321 Universum
847 2288 972 2322 Solare
985 2289 1172 2333 oppletum
1185 2295 1250 2332 est,
1263 2289 1295 2323 &
1307 2289 1404 2323 unde

155 2344 282 2389 Spatia
305 2354 347 2378 ac
374 2344 570 2387 Tempora,
587 2342 699 2377 verbo
726 2342 806 2387 ipsa
834 2343 988 2388 Natura,
1005 2350 1044 2378 ut
1066 2344 1216 2388 aliquid,
1233 2344 1404 2387 existunt,
