1783 2760
582 154 662 188 DE
693 152 982 188 PARADJSO.
1370 157 1412 193 25

157 252 212 293 ad
242 252 466 292 imitamen
497 264 684 304 magnae,
705 263 864 290 munus
886 249 1088 297 obibant;
1122 261 1223 288 nam
1246 247 1414 287 semina

156 321 249 361 haec
290 321 333 361 in
376 320 547 362 Ovariis
589 325 664 360 aut
700 319 835 359 thecis
873 318 1064 371 reposita
1100 316 1414 368 multiplicibus

155 390 392 443 cingebant
413 389 584 438 tunicis,
599 387 860 428 circumfuso
877 386 1054 426 alebant
1072 384 1110 425 &
1134 384 1415 424 maturabant

155 471 296 506 succo,
319 472 369 499 ac
392 458 570 497 demum
594 470 765 509 magnae
786 469 876 495 suae
899 454 1026 495 matri
1050 453 1343 507 porrigebant,
1366 459 1413 492 ut

156 540 213 566 ex
235 526 318 566 illis
340 525 525 566 similem
548 525 613 566 sui
635 525 848 565 excitaret
874 523 1139 576 progeniem.
1204 521 1290 562 Sed
1320 521 1413 561 haec

153 609 252 635 cum
269 594 438 635 infinito
453 594 711 642 discrimine,
726 599 770 633 at
788 606 886 633 cum
902 593 989 632 una
1004 590 1041 631 ἃ
1059 590 1414 631 constantissima

153 663 259 716 lege,
302 669 350 704 ut
390 662 714 715 unumquodvis
757 676 814 702 ex
855 662 942 701 suis
987 660 1190 713 auspiciis
1237 659 1411 706 viveret,

153 733 452 786 adeptumque
474 738 618 771 ortum
639 745 696 771 ex
719 744 765 770 se
785 735 1076 783 perpetuaret.

212 812 235 841 2
248 813 278 842 1.
304 801 373 841 Ita
389 800 519 841 Orbis
535 806 683 840 noster
695 813 720 839 a
733 800 904 839 suamet
919 798 1053 837 humo
1069 798 1192 850 quasi
1207 796 1414 845 elevatus,

155 869 193 911 81
228 863 271 910 in
307 869 646 923 pulcherrimum
682 882 830 908 versus
867 868 1167 915 Nemoretum‚
1206 879 1294 905 non
1332 865 1412 905 nisi

153 952 285 992 quam
301 939 577 979 amaenitates
595 938 632 978 &
651 938 797 991 copias
815 936 1066 989 respirabat,
1087 935 1124 975 ἃ
1143 949 1200 975 ex
1217 935 1414 988 quolibet

153 1008 218 1048 sui
242 1008 405 1048 arbusti
428 1021 560 1055 ramo,
577 1006 755 1059 foliique
772 1020 822 1046 ac
840 1005 1002 1044 fructus
1020 1019 1138 1058 poro,
1155 1004 1414 1057 fragrantias

154 1076 404 1124 exhalabat,
422 1075 459 1115 &
477 1076 526 1115 iis
544 1082 591 1116 ut
607 1074 831 1115 lenociniis
849 1074 1093 1113 ambientes
1116 1087 1241 1113 auras
1264 1072 1414 1125 opple-

152 1145 240 1194 bat,
272 1159 369 1197 quae
398 1144 584 1185 totidem
616 1150 738 1184 erant
768 1143 1014 1183 reformatae
1048 1142 1354 1181 faecuiiditates
1388 1155 1413 1181 a

153 1211 328 1251 Tellure
356 1224 433 1264 per
454 1224 590 1250 novas
611 1210 714 1258 vias,
738 1223 897 1261 nempe
920 1222 996 1261 per
1017 1208 1195 1256 radices,
1218 1207 1413 1248 surculos

153 1280 192 1320 ἃ
214 1280 388 1320 frondes
411 1279 650 1319 recentium
672 1278 1013 1330 vegetationum,
1037 1276 1288 1317 exsudatae:
1326 1277 1413 1317 Hic

151 1355 243 1389 erat
285 1348 501 1388 dilitiosus
542 1347 616 1387 ille
656 1346 837 1395 HortuS,
876 1346 1153 1386 PARADISUS
1190 1345 1332 1385 dictus
1370 1345 1412 1385 in

152 1418 324 1457 summa
346 1416 519 1457 aetheris
549 1416 737 1469 regione,
761 1416 944 1468 ipsaque
970 1415 1127 1454 vicinia
1158 1413 1285 1462 Solis,
1307 1414 1414 1454 situs

151 1485 189 1526 &
207 1486 427 1526 excitatus
445 1485 518 1537 (72),
536 1498 667 1537 quem
685 1483 1020 1524 innumerabilia
1040 1483 1226 1523 Fluenta
1244 1496 1302 1522 ex
1325 1483 1413 1522 suis

150 1554 344 1595 fontibus
381 1554 656 1607 erumpentia
693 1553 914 1602 secabant,
951 1551 989 1592 ἃ
1024 1565 1102 1605 per
1138 1551 1335 1592 Violaria
1373 1550 1411 1591 ἃ

149 1660 343 1703 essentias,
356 1671 420 1693 seu
438 1659 673 1704 ipsasvivas,
690 1659 862 1694 referunt.
899 1659 1027 1703 Qualis
1045 1670 1132 1693 vero
1150 1659 1230 1703 ipsa
1247 1659 1327 1692 haec
1346 1658 1412 1692 Vis

150 1716 338 1750 seminalis
358 1716 415 1758 sit,
426 1727 500 1749 non
516 1715 750 1759 cognoscitur
764 1715 833 1748 nisi
849 1725 891 1748 ex
905 1715 1107 1749 enucleatis
1124 1714 1267 1748 Formis
1282 1714 1413 1758 prioris

150 1777 302 1813 naturae,
320 1777 396 1804 tam
414 1781 498 1815 quae
520 1771 615 1804 vires
639 1771 799 1805 referunt
822 1770 974 1812 activas,
993 1781 1104 1814 quam
1127 1780 1209 1814 quae
1233 1769 1413 1814 passivas,

149 1832 228 1860 turn
246 1826 357 1860 etiam
375 1825 562 1869 quomodo
582 1825 728 1859 Solares
747 1824 840 1858 radii
859 1825 907 1858 ad
926 1836 988 1858 eas
1007 1824 1235 1869 copulandas
1259 1835 1413 1868 operan-

150 1886 231 1921 tur3
258 1879 358 1925 quod
385 1886 598 1924 pervastum
623 1879 734 1914 nimis
758 1879 956 1924 foret,jam
982 1880 1030 1913 ab
1055 1880 1194 1914 ultimis
1220 1879 1269 1913 ad
1293 1879 1413 1924 prima

149 1936 327 1970 evolvere.

198 1990 249 2034 (n)
265 1992 345 2025 Nec
356 1990 549 2025 defuerunt
556 2001 599 2024 ex
607 1990 791 2034 Anfiquis,
802 1990 863 2034 qui
876 1989 1104 2024 divinatione
1116 1990 1302 2035 assequuti
1316 1996 1412 2033 sunt,

150 2047 249 2091 quod
279 2046 476 2080 Paradisus
506 2045 543 2079 in
571 2046 758 2090 superiore
786 2045 933 2079 aetheris
963 2045 1122 2088 regione,
1147 2045 1200 2079 sic
1228 2045 1304 2079 Soli
1331 2057 1411 2090 pro-

150 2101 353 2146 pinquiore,
370 2101 571 2142 exstiterit3
598 2101 774 2145 quoniam
800 2101 837 2134 in
862 2101 933 2135 hac
959 2100 1117 2134 Telluris
1143 2101 1331 2143 distantia,
1350 2112 1411 2135 ne-

150 2156 347 2201 quicquam
359 2156 471 2189 talem
483 2156 664 2199 effectum,
677 2166 721 2190 ex
735 2155 956 2200 quacunque
971 2155 1083 2189 dabili
1097 2155 1218 2198 causa,
1234 2155 1413 2200 profluere

149 2211 324 2256 potuisse,
350 2217 612 2255 perspexerunt
631 2222 637 2244 :
675 2221 758 2255 quae
786 2210 964 2244 divinatio
992 2220 1060 2244 nec
1090 2221 1112 2243 a
1141 2221 1228 2244 vero
1258 2210 1412 2252 abludit,

149 2265 449 2310 quandoquidem
468 2266 594 2299 Tellus
611 2271 697 2299 tunc
716 2276 801 2299 suos
819 2276 962 2299 annuos
982 2276 1108 2299 cursus
1127 2265 1159 2299 δι
1177 2276 1356 2308 recursus,
1375 2266 1412 2299 in

150 2319 194 2354 ea
213 2320 387 2364 Regione‚
407 2330 490 2364 quae
509 2319 674 2364 superior
691 2319 855 2354 AEtheris
870 2319 1028 2354 dicenda
1047 2319 1092 2353 sit
1111 2319 1322 2364 peregisset.
