1783 2760
498 142 576 177 DE
609 141 828 212 AMOREJ
849 139 1234 175 PRIMOGENJTJ.
1440 151 1502 186 143

232 256 283 283 ac
301 241 392 295 ejus
409 241 509 282 vitae
524 239 805 282 conformiter
816 213 873 278 ise
888 239 1173 291 protrudunt;
1202 239 1262 280 ita
1276 241 1500 293 quandam

231 311 376 352 ideam
396 311 588 351 Paradisi
612 310 787 358 excitat,
805 321 945 360 quem
962 321 1089 348 suum
1109 307 1341 349 Caelestem
1359 317 1500 360 vocat,

232 393 290 420 ex
316 394 403 433 quo
431 380 712 428 Terrestrem,
736 385 783 419 ut
820 376 1007 430 effigiem
1037 377 1143 430 ejus,
1166 379 1499 432 contemplatur.

235 449 418 502 Insuper
459 449 591 488 etiam
633 454 807 488 strenue
858 446 1052 494 mandat,
1091 452 1137 486 ut
1175 446 1339 487 Mentis
1376 448 1499 488 istius

230 530 534 570 possessorem,
553 516 664 557 sicut
687 514 952 566 Principem,
975 514 1094 567 regio
1114 515 1331 556 adornent
1352 516 1498 569 pallio,

231 587 274 626 in
309 585 418 625 solio
452 585 713 626 collocatum
750 589 931 635 sceptro
968 582 1006 623 ἃ
1047 585 1208 624 corona
1247 583 1499 637 insigniant,

230 654 411 707 ejusque
442 654 527 707 juri
562 667 611 694 ac
645 651 879 694 arbitratui
912 652 1060 692 omnia
1094 653 1217 704 quasi
1251 653 1496 706 subjiciant,

228 724 618 776 persuadeantque,
649 723 765 776 quod
798 720 875 762 :ille
903 720 1020 761 solus
1047 735 1189 761 rerum
1217 722 1394 774 potitus,
1418 723 1498 762 im-

228 791 347 845 peria
368 806 424 832 ex
447 791 564 832 scitis
586 791 623 831 &
645 792 837 844 placitiffi,
855 796 979 842 gerat
997 804 1006 840 ;
1038 803 1116 830 nec
1138 790 1175 830 ei
1199 803 1396 843 usquam,
1415 793 1496 832 sub

229 862 372 913 poena
393 860 523 909 exilii,
548 861 590 900 in
613 874 761 900 aurem
784 858 952 907 dicant,
976 858 1093 911 quod
1117 858 1199 908 ille,
1222 859 1265 899 in
1294 873 1346 900 eo
1375 860 1496 910 solio,

229 929 340 969 sicut
363 929 540 969 illustris
562 935 721 978 statua,
744 933 828 969 auat
849 940 954 967 auro
975 928 1250 981 gemmisque
1275 929 1496 969 ornatissi-

229 1011 349 1037 mum
384 997 708 1046 simulachrum,
740 997 782 1036 in
812 995 954 1035 munis
988 996 1168 1049 imperii,
1197 997 1359 1038 sedeat.
1423 998 1495 1038 Ex

227 1066 293 1105 his
315 1066 446 1114 vides,
468 1067 632 1118 quanti,
652 1065 690 1106 &
713 1008 854 1184 quiam
878 1065 1072 1105 maxime
1095 1078 1117 1105 e
1139 1079 1183 1105 re
1204 1066 1403 1119 cujusvis,
1427 1068 1494 1117 sit,

227 1148 353 1175 suum
371 1148 633 1188 cognoscere
652 1134 900 1202 Amorem
933 1133 971 1174 ἃ
994 1135 1096 1186 quia
1118 1140 1210 1175 tam
1234 1136 1358 1176 multi
1383 1143 1494 1186 sunt,

228 1203 266 1244 ἃ
299 1217 451 1244 omnes
482 1204 715 1256 personati,
748 1202 867 1243 sicut
899 1202 1063 1252 harioli,
1091 1203 1333 1244 imitamine
1366 1204 1494 1258 Opti-

227 1285 346 1312 mum
371 1271 525 1312 referre
546 1271 710 1320 volunt,
734 1271 761 1312 h
807 1284 858 1310 nc
886 1271 1129 1311 discernere
1151 1285 1357 1326 gregem3
1390 1287 1491 1313 nam

225 1341 338 1390 inde,
380 1341 572 1393 auspicia
614 1347 782 1380 nostra:
822 1340 934 1388 vitae,
977 1340 1157 1393 ejusque
1197 1355 1350 1382 omnes
1390 1356 1493 1383 con-

226 1409 424 1458 ditiones,
447 1409 655 1458 fortunas,
679 1409 716 1449 &
740 1409 852 1459 fijata,
875 1408 1099 1449 trahimus.

282 1478 347 1529 69.
382 1478 469 1519 Sed
494 1478 681 1526 memini,
705 1476 831 1531 quiod
861 1490 998 1530 nuper
1026 1478 1221 1518 animum
1250 1485 1373 1519 tuum
1403 1494 1489 1521 non

224 1546 376 1586 leviter
406 1546 662 1587 offenderim
694 1543 779 1599 pei
809 1545 948 1586 solam
985 1547 1252 1587 mentionem
1288 1548 1490 1605 plurium,

224 1628 355 1667 quam
380 1615 505 1655 unius
527 1614 718 1665 Amoris,
739 1614 785 1663 ἃ
803 1614 921 1668 quod
939 1615 1037 1655 ideo
1058 1615 1180 1657 filum
1202 1617 1384 1670 ingressi
1407 1619 1491 1658 mei

224 1763 286 1790 aut
312 1756 501 1801 principiis
528 1757 614 1800 suis,
641 1757 823 1798 trahulnt3
850 1767 938 1790 nam
965 1756 1115 1790 Semina
1140 1756 1301 1801 primum
1326 1757 1488 1792 radicem

221 1812 452 1855 protrudunt,
472 1812 504 1846 &
528 1823 592 1857 per
617 1824 700 1847 eam
726 1783 894 1856 dlenique
920 1811 1123 1845 traducitur
1148 1812 1268 1846 omnis
1295 1823 1426 1846 succus
1453 1813 1490 1846 in

223 1866 358 1910 caules,
378 1878 510 1910 ramos,
529 1867 616 1901 solia
640 1867 672 1901 &
697 1866 761 1900 fru·
765 1865 879 1907 tices;
906 1866 1073 1900 similiter
1094 1866 1205 1900 etiam
1231 1867 1268 1900 in
1293 1867 1490 1911 Animatis,

221 1932 267 1956 ex
291 1922 509 1966 Animabus,
535 1923 629 1957 sicut
654 1933 697 1957 ex
723 1921 946 1964 seminibus,
972 1922 1131 1966 primum
1156 1922 1361 1957 excitantur
1388 1924 1489 1957 Prin-

224 1977 331 2021 cipia,
342 1978 579 2022 postmodum
599 1989 642 2012 ex
656 1977 746 2037 prin
751 1976 855 2021 cipiis
874 1977 952 2011 istis
967 1977 1092 2011 omnia
1105 1978 1328 2020 educuntur3
1353 1986 1490 2013 nostrae

224 2033 371 2067 Mentes
405 2033 574 2067 dicuntur
610 2019 804 2077 Principia
840 2032 1011 2076 Corporis
1044 2033 1323 2078 Operationuin,
1352 2045 1435 2078 quae
1468 2046 1490 2068 a

222 2087 421 2122 Voluntate
447 2088 682 2133 dependent3
717 2087 792 2123 sed
818 2094 1018 2131 antequam
1045 2088 1192 2123 Mentes
1218 2089 1321 2132 fiunt,
1347 2100 1411 2123 seu
1437 2089 1489 2122 in-

220 2143 476 2178 tellectualiter
501 2150 626 2188 agunt,
645 2150 728 2178 sunt
764 2142 875 2176 modo
904 2143 1088 2188 Principia
1114 2144 1296 2177 fibrarum.
1349 2145 1432 2179 Hoc
1452 2145 1490 2178 in

221 2198 392 2232 universa
409 2205 540 2232 natura
559 2191 765 2232 communie
789 2204 857 2241 est,
876 2197 975 2241 quod
998 2198 1133 2232 similia
1159 2198 1343 2243 Principia
1367 2210 1388 2232 a
1414 2199 1488 2232 suis

221 2253 347 2297 primis
375 2253 577 2297 originibus
604 2254 721 2289 excite
735 2259 828 2295 ntur,
858 2252 890 2286 ἃ
918 2264 982 2297 per
1008 2253 1070 2287 illa
1098 2253 1272 2298 deinceps
1300 2254 1488 2289 ulteriores

221 2306 371 2342 effectus
390 2307 635 2343 instituantur.
