1783 2760
457 163 535 198 DE
566 163 764 199 AMORE
796 163 941 197 PRJM
941 163 1048 198 ΘΟΕ
1050 163 1117 197 Ν]
1120 163 1179 197 TI.
1384 162 1446 206 165

194 261 331 311 stitit;
382 266 485 300 tunc
527 259 774 312 Sapientiae,
811 272 911 299 ecce
947 259 1040 311 jam
1079 259 1209 299 vestri
1245 258 1446 306 Amores,

195 329 407 378 dicebant,
444 342 495 368 ac
528 328 658 368 vestri
693 327 881 367 calores:
914 327 1109 367 adhibite
1146 327 1271 367 nobis
1303 327 1446 374 fidem,

193 398 310 450 quod
346 397 579 450 spiritualis
610 402 754 436 vestra
783 396 885 445 vita,
917 410 1016 448 quae
1045 410 1122 435 vos
1154 402 1315 444 manet,
1347 395 1448 436 huic

193 479 292 506 cum
326 465 493 505 infinita
528 465 748 513 varietate,
786 477 959 517 prorsus
996 464 1147 503 similis
1184 463 1328 503 futura
1362 464 1446 512 sit;

193 547 294 573 nam
330 533 545 572 Mentium
574 547 599 573 a
629 532 821 585 Corpore
856 538 1154 585 separatarum
1188 531 1445 580 activitates‚

192 601 400 650 existunt,
423 614 509 641 non
540 601 650 641 sicut
684 601 926 653 Corporum
958 614 1036 653 per
1065 600 1270 649 actiones,
1293 600 1448 639 mediis

191 668 409 718 musculis,
439 669 477 710 &
507 669 567 709 sic
599 682 727 709 carne
759 669 797 709 ἃ
829 669 1010 717 ossibus,
1041 668 1118 708 sed
1150 682 1226 721 per
1256 668 1449 709 actuales

191 743 383 778 statuum
425 751 601 778 suorum
644 737 1060 790 repraesentationes,
1094 750 1169 776 seu
1201 750 1279 789 per
1308 749 1449 776 meras

191 812 522 859 repraesentatas
545 807 601 846 ad
622 807 768 846 vivum
791 806 954 846 similes
980 806 1266 845 actualitates.
1327 804 1448 857 Age-

190 876 308 924 dum,
331 888 445 915 nunc
475 874 611 914 oculis
641 875 807 924 vestris,
836 874 1019 927 proinde
1049 874 1260 922 sensibus,
1289 873 1448 926 quibus

173 944 251 986 ,ita
282 942 511 991 confiditis,
533 943 755 995 percipite,
783 943 901 995 quod
932 956 1020 982 non
1051 943 1164 991 vitae,
1187 942 1263 982 sed
1295 941 1447 981 mortis

191 1011 384 1051 funestas
402 1011 624 1063 imagines,
639 1010 970 1051 circumferatis:
993 1016 1099 1062 quot
1113 1011 1228 1050 enim
1244 1009 1445 1058 colubrae,

191 1086 257 1119 tot
279 1085 379 1119 sunt
401 1079 602 1119 incendia
627 1078 666 1118 ἃ
693 1079 871 1119 demum
901 1078 1021 1118 furiae
1048 1079 1149 1119 vitae
1177 1085 1332 1119 vestrae
1361 1079 1447 1131 spi-

191 1147 367 1197 ritualis,
404 1161 429 1187 a
465 1147 621 1200 quibus
660 1147 702 1186 in
739 1147 1010 1199 sanguinem,
1045 1147 1150 1187 dum
1186 1146 1255 1187 hic
1290 1147 1444 1196 vivitis,

189 1216 321 1256 etiam
343 1216 648 1268 insperguntur
668 1215 885 1268 pestiferae
901 1229 1078 1268 spumae,
1097 1216 1281 1255 totidem
1303 1229 1447 1256 causae

190 1284 439 1324 excitativae
477 1284 644 1324 Mortis.
705 1283 843 1324 Abite
873 1283 978 1336 jam,
1013 1297 1039 1323 o
1081 1283 1257 1323 formosi
1294 1284 1445 1324 flores!

190 1366 289 1393 cum
321 1353 404 1392 isto
432 1365 612 1401 veneno,
641 1351 758 1404 quod
790 1357 880 1391 tam
913 1351 1038 1391 dulce
1067 1352 1110 1391 in
1143 1351 1261 1391 fibris
1291 1352 1445 1393 vestris

190 1421 435 1461 reconditis.
1090 1424 1097 1431 ·

247 1498 312 1540 75.
346 1489 485 1528 Furiae
515 1488 621 1538 istae,
650 1501 702 1528 ne
731 1488 919 1541 amplius
948 1488 1092 1528 dicam
1121 1489 1442 1542 intelligentias,

189 1570 266 1610 per
287 1557 413 1597 devia
435 1556 473 1596 ἃ
502 1570 642 1609 opaca
670 1557 849 1605 viarum,
871 1557 927 1596 ad
956 1570 1034 1596 sua
1062 1570 1445 1615 remensuraeyna-

188 1625 315 1678 palia,
353 1625 512 1678 elapsae
548 1631 674 1675 sunt;
721 1625 797 1665 sed
834 1631 952 1665 certa
987 1639 1094 1673 sum,
1129 1626 1247 1678 quod
1281 1626 1445 1679 seipsas

189 1694 337 1746 fugere
354 1707 439 1733 non
458 1694 691 1746 potuerint.
735 1693 903 1746 Collige
921 1693 1092 1742 exhinc,
1108 1694 1258 1746 qualis,
1274 1695 1445 1735 inverso

189 1763 348 1811 ordine,
364 1768 503 1802 status
522 1768 684 1814 regnat,
700 1761 805 1801 dum
823 1762 973 1814 auriga
995 1761 1066 1801 ille
1089 1763 1251 1809 mundi,
1271 1762 1445 1803 Mentes

188 1830 402 1870 humanas
433 1828 577 1868 fraenis
605 1829 692 1868 suis
721 1829 841 1881 regit,
871 1828 908 1868 &
936 1829 1046 1869 sicut
1076 1842 1210 1881 equos
1239 1843 1312 1869 ore
1344 1844 1445 1883 spu-

190 1904 360 1938 mantes
382 1897 425 1936 in
446 1903 512 1937 tot
535 1898 738 1937 decursus
761 1897 971 1949 impellit;
1001 1902 1105 1937 tunc
1127 1898 1229 1949 quia
1250 1897 1444 1938 Mundus

188 1967 369 2007 vertitur
389 1966 431 2005 in
459 1965 639 2014 Caelum,
663 1965 817 2005 umbra
845 1966 887 2004 in
917 1965 1068 2014 lucem,
1092 1965 1210 2005 calor
1237 1966 1280 2005 in
1311 1966 1444 2019 frigus

190 2035 250 2074 ita
271 2034 530 2086 supinantur
555 2033 714 2082 omnia,
737 2039 783 2072 ut
812 2047 909 2085 quae
938 2039 1135 2085 spectare
1164 2034 1326 2074 debent
1354 2049 1445 2074 sur-

191 2116 298 2151 sum,
321 2107 520 2154 spectent
548 2101 777 2150 deorsum;
810 2114 896 2140 non
928 2115 1049 2141 secus
1077 2115 1127 2141 ac
1156 2107 1309 2142 trunco
1341 2103 1444 2144 Cor-

190 2171 305 2223 poris
337 2170 501 2222 absque
533 2169 698 2222 Capite,
726 2169 843 2221 quod
876 2169 1105 2209 subactum
1138 2169 1176 2210 &
1209 2171 1444 2211 contritum

191 2244 268 2285 est,
290 2238 345 2277 ad
368 2238 567 2277 tellurem
591 2238 770 2285 inverso,
796 2236 833 2277 &
855 2237 1040 2289 pedibus
1062 2251 1159 2277 curn
1181 2238 1383 2278 calceatis
1406 2239 1444 2279 ἃ

191 2306 322 2347 illotis
351 2306 522 2359 plantis,
552 2306 594 2345 in
622 2305 760 2346 altum
791 2304 1000 2356 sublati53
1031 2319 1055 2346 a
1086 2306 1321 2359 Sapientiis
1352 2307 1445 2349 Cae-
