1835 2672
317 143 361 177 42
538 136 722 171 CAPUT
750 137 1068 183 SECUNDUM
1103 139 1298 175 SECTJO
1329 141 1361 176 I.

319 229 466 280 Filius,
483 245 557 272 seu
578 232 705 273 Mens
723 233 804 273 sub
821 234 966 286 specie
983 234 1187 284 humana,
1202 249 1300 288 quae
1319 250 1375 277 ex
1393 236 1581 279 Telluris

320 299 528 341 Paradiso
550 301 707 342 intueri
729 308 877 355 posset
897 302 1141 352 Caelestem‚
1159 303 1196 344 81
1215 304 1270 344 ab
1287 303 1369 345 hac
1390 305 1579 347 vicissim

318 369 601 420 Terrestrem,
625 371 663 412 81
690 372 749 411 sic
778 373 871 413 visu
900 373 1092 425 quodam
1121 374 1324 424 interiori,
1347 380 1580 428 utrumque

317 438 447 479 simul
468 440 700 493 complecti
731 439 769 481 &
799 442 951 491 metiri,
977 442 1015 482 &
1044 456 1101 483 ex
1130 450 1315 496 utroque
1344 443 1580 496 conjuncto

317 508 374 548 ad
415 508 593 561 plenum
628 510 743 562 ipsas
780 511 939 551 sentire
974 511 1252 564 voluptates;
1293 513 1487 565 proinde,
1521 527 1579 554 ex

317 578 509 630 quodam
539 580 731 632 genuino
764 579 928 619 laetitiae
964 579 1001 620 &
1036 581 1195 621 amoris
1224 581 1356 632 fonte,
1382 582 1578 623 omnium

320 646 597 700 Largitorem
620 648 961 701 Creatoremque
983 648 1244 698 devenerari‚
1269 649 1307 689 ἃ
1334 650 1578 703 praecolere,

319 715 502 756 Nullum
525 722 627 765 erat,
644 730 697 756 ne
715 716 892 769 quidem
910 717 953 756 in
973 717 1174 767 minimis,
1193 717 1429 771 objectum,
1446 733 1470 759 e
1491 732 1579 772 quo

318 798 406 825 non
458 785 623 838 aliquid
676 785 881 825 Numinis
924 785 1060 826 instar
1095 786 1320 837 elucebat;
1373 789 1579 841 quodque

318 867 405 894 non
436 854 597 894 exinde
625 855 805 907 gestiret
833 868 879 894 se
909 854 1138 895 fruendum
1169 856 1245 896 tali
1279 856 1433 897 offerre
1466 856 1578 898 Sub-

313 922 445 975 jecto,
469 924 585 976 quod
615 937 694 976 pro
723 937 768 963 se
799 923 836 964 ἃ
865 937 944 976 pro
973 924 1165 977 singulis,
1189 925 1371 966 Numini
1405 925 1465 966 illi
1499 926 1578 967 im-

317 992 525 1032 mortales
547 991 765 1032 celebrare
786 993 950 1046 gratias
974 999 1130 1034 nosset.

377 1073 442 1113 31.
486 1061 656 1102 Natura
705 1062 945 1102 secundum
998 1062 1247 1103 institutum
1293 1076 1319 1103 a
1362 1063 1578 1117 Supremo

318 1129 546 1180 Ordinem,
581 1144 733 1171 ornnes
767 1131 809 1170 in
844 1131 1060 1171 Universo
1094 1132 1266 1172 ordines
1303 1131 1345 1171 in
1381 1146 1427 1172 se
1460 1145 1578 1173 com-

317 1199 595 1252 plectentem,
639 1213 695 1240 ex
748 1199 923 1239 Tellure
964 1201 1152 1253 primum
1192 1200 1365 1242 infimas
1407 1201 1579 1242 exeruit

317 1268 455 1318 dotes,
479 1275 574 1309 tum
600 1269 854 1321 superiores,
878 1269 1057 1309 demum
1085 1283 1323 1322 supremaS,
1348 1269 1386 1310 ἃ
1414 1271 1475 1310 sic
1502 1283 1580 1323 per

315 1337 478 1391 gradus
507 1337 561 1377 ad
592 1337 784 1385 celsiora,
810 1337 847 1378 ἃ
877 1351 953 1378 sua
981 1339 1131 1390 prima,
1156 1352 1201 1378 se
1234 1339 1393 1379 evexit.
1457 1339 1580 1380 Una-

316 1406 482 1459 quaevis
517 1406 610 1458 ejus
648 1406 882 1446 Productio
918 1407 1116 1447 similiter
1149 1421 1174 1447 a
1210 1408 1298 1447 suis
1331 1408 1481 1461 primis
1514 1408 1574 1448 in-

315 1474 475 1515 choata
498 1475 662 1515 naturis
684 1489 730 1515 se
759 1475 814 1515 ad
838 1475 1040 1515 ultimum
1064 1489 1189 1515 suum
1212 1476 1436 1529 explicuit,
1461 1475 1499 1517 &
1521 1476 1578 1517 ab

315 1543 411 1592 hoc,
433 1545 542 1584 sicut
564 1557 589 1584 a
612 1545 740 1593 meta,
764 1558 809 1584 se
829 1544 885 1584 ad
907 1558 983 1585 sua
1004 1545 1144 1597 prima
1167 1545 1325 1585 retulit.
1375 1545 1444 1585 Ita
1465 1558 1578 1586 sem-

316 1627 404 1666 per,
419 1613 535 1666 quod
557 1613 746 1666 primum
770 1619 872 1661 erat,
888 1619 1065 1666 peracto
1088 1614 1142 1653 ad
1166 1613 1342 1654 ultimas
1364 1614 1577 1655 stationes

316 1683 550 1736 semigyro,
583 1696 630 1722 se
665 1688 778 1722 retro
811 1683 867 1722 ad
900 1695 1027 1722 suum
1062 1683 1323 1736 principium
1357 1683 1483 1724 flexit
1499 1682 1575 1736 (u).

365 1808 420 1853 (u)
447 1808 633 1853 Quicquid
656 1819 700 1843 ex
724 1808 872 1843 Semine
896 1815 958 1843 aut
981 1809 1074 1852 Ovo,
1094 1808 1126 1843 &
1149 1809 1325 1854 quicquid
1348 1820 1391 1844 ex
1414 1809 1576 1855 quadam

318 1866 456 1908 Mente,
483 1865 678 1908 enascitur,
705 1864 799 1898 sicut
826 1875 936 1909 supra
965 1870 1038 1899 not.
1077 1863 1124 1908 (ο)
1151 1865 1353 1899 indicatum
1386 1871 1454 1908 est,
1478 1865 1577 1900 hunc

315 1932 446 1965 gyrum
465 1931 527 1954 seu
542 1920 669 1954 orbem
683 1931 892 1964 percurrere
906 1926 1067 1954 tenetur:
1087 1921 1235 1965 plantae,
1248 1920 1354 1954 flores
1369 1920 1401 1955 δι
1415 1920 1577 1964 arbores,

314 1988 338 2010 a
356 1987 421 2010 suo
441 1976 580 2011 semine
597 1976 781 2020 explicant
800 1986 903 2009 suam
922 1982 1102 2018 naturam,
1116 1987 1159 2010 ac
1179 1976 1216 2009 in
1229 1982 1378 2010 truncos
1392 1976 1424 2010 δε
1441 1987 1576 2020 ramos,

316 2031 410 2065 sicut
429 2031 465 2064 in
484 2042 549 2064 sua
570 2031 733 2074 Corpora
751 2031 783 2064 δι
801 2031 929 2065 ultima
952 2032 1129 2074 membra,
1147 2037 1372 2075 excrescunt,
1390 2031 1423 2065 &
1445 2032 1494 2066 ab
1517 2032 1575 2066 his

316 2086 446 2121 iterum
461 2086 507 2120 ad
522 2097 588 2120 sua
601 2086 863 2120 inchoamenta
877 2093 1116 2129 revertuntur,
1129 2098 1191 2121 seu
1206 2086 1348 2120 semina
1362 2086 1576 2131 concipiunt

316 2142 349 2177 &
375 2141 594 2182 excludunt3
621 2141 714 2175 adeo
740 2148 779 2176 ut
804 2142 924 2175 omnis
950 2142 1009 2175 ille
1035 2153 1154 2186 gyrus,
1181 2152 1291 2186 quem
1315 2147 1506 2186 peragunt,
1529 2142 1576 2177 sit

315 2198 423 2232 unice
448 2196 599 2242 quidam
625 2208 819 2230 causarum
843 2197 1085 2230 mediantium
1111 2208 1294 2240 excursus,
1316 2197 1363 2231 ob
1389 2197 1511 2240 finem,
1535 2203 1576 2232 ut

315 2253 364 2287 ad
382 2253 501 2298 prima
519 2263 584 2286 sua
598 2251 762 2296 redeant,
777 2252 808 2286 δε
823 2252 874 2285 sic
890 2252 1027 2286 fructus
1041 2259 1103 2287 aut
1118 2264 1204 2286 usus
1222 2252 1345 2286 edant.
1382 2252 1425 2285 In
1444 2252 1575 2296 Regno

315 2308 478 2343 Animali
508 2308 755 2343 consimiliter.
815 2307 917 2341 Talis
947 2307 1059 2342 etiam
1089 2308 1283 2342 constabat
1311 2306 1343 2341 &
1373 2307 1576 2342 ducebatur
