<?xml version="1.0" encoding="UTF-8"?>
<!DOCTYPE html PUBLIC "-//W3C//DTD XHTML 1.0 Transitional//EN"
    "http://www.w3.org/TR/xhtml1/DTD/xhtml1-transitional.dtd">
<html xmlns="http://www.w3.org/1999/xhtml" xml:lang="en" lang="en">
 <head>
  <title>
</title>
<meta http-equiv="Content-Type" content="text/html;charset=utf-8" />
  <meta name='ocr-system' content='tesseract 3.04.00' />
  <meta name='ocr-capabilities' content='ocr_page ocr_carea ocr_par ocr_line ocrx_word'/>
</head>
<body>
  <div class='ocr_page' id='page_1' title='image "./parsprimadecultu00swed_0160.png"; bbox 0 0 1835 2672; ppageno 0'>
   <div class='ocr_carea' id='block_1_1' title="bbox 351 135 1413 185">
    <p class='ocr_par' dir='ltr' id='par_1_1' title="bbox 351 135 1413 185">
     <span class='ocr_line' id='line_1_1' title="bbox 351 135 1413 185; baseline -0.004 -9"><span class='ocrx_word' id='word_1_1' title='bbox 351 141 415 185; x_wconf 87' lang='lat'><strong>148</strong></span> <span class='ocrx_word' id='word_1_2' title='bbox 546 140 731 176; x_wconf 84' lang='lat' dir='ltr'><em>CAPUT</em></span> <span class='ocrx_word' id='word_1_3' title='bbox 759 138 1079 184; x_wconf 74' lang='lat' dir='ltr'><strong>SECUNDUM,</strong></span> <span class='ocrx_word' id='word_1_4' title='bbox 1111 138 1306 174; x_wconf 84' lang='lat' dir='ltr'><em>SECTIO</em></span> <span class='ocrx_word' id='word_1_5' title='bbox 1338 135 1413 172; x_wconf 88' lang='lat' dir='ltr'><em>III.</em></span> 
     </span>
    </p>
   </div>
   <div class='ocr_carea' id='block_1_2' title="bbox 341 234 1616 1528">
    <p class='ocr_par' dir='ltr' id='par_1_2' title="bbox 341 234 1616 1528">
     <span class='ocr_line' id='line_1_2' title="bbox 347 234 1615 292; baseline -0.002 -13"><span class='ocrx_word' id='word_1_6' title='bbox 347 238 451 292; x_wconf 85' lang='lat' dir='ltr'><strong>ejus,</strong></span> <span class='ocrx_word' id='word_1_7' title='bbox 466 238 550 291; x_wconf 88' lang='lat' dir='ltr'><strong>qui,</strong></span> <span class='ocrx_word' id='word_1_8' title='bbox 570 238 613 278; x_wconf 93' lang='lat' dir='ltr'><strong>in</strong></span> <span class='ocrx_word' id='word_1_9' title='bbox 635 238 854 291; x_wconf 88' lang='lat' dir='ltr'><strong>ipsissimo</strong></span> <span class='ocrx_word' id='word_1_10' title='bbox 878 237 1011 287; x_wconf 79' lang='lat' dir='ltr'><strong>Caelo,</strong></span> <span class='ocrx_word' id='word_1_11' title='bbox 1029 237 1272 290; x_wconf 92' lang='lat' dir='ltr'><strong>Unigenito</strong></span> <span class='ocrx_word' id='word_1_12' title='bbox 1291 234 1494 290; x_wconf 88' lang='lat' dir='ltr'><strong>Supremi</strong></span> <span class='ocrx_word' id='word_1_13' title='bbox 1511 234 1615 276; x_wconf 90' lang='lat' dir='ltr'><strong>sub-</strong></span> 
     </span>
     <span class='ocr_line' id='line_1_3' title="bbox 341 304 1612 360; baseline -0.002 -12"><span class='ocrx_word' id='word_1_14' title='bbox 341 307 496 360; x_wconf 83' lang='lat' dir='ltr'><strong>jectus‚</strong></span> <span class='ocrx_word' id='word_1_15' title='bbox 514 306 857 360; x_wconf 84' lang='lat' dir='ltr'><strong>conspicitur(0).</strong></span> <span class='ocrx_word' id='word_1_16' title='bbox 899 307 1029 347; x_wconf 88' lang='lat' dir='ltr'><strong>Mens</strong></span> <span class='ocrx_word' id='word_1_17' title='bbox 1045 320 1148 347; x_wconf 91' lang='lat' dir='ltr'><strong>vero</strong></span> <span class='ocrx_word' id='word_1_18' title='bbox 1166 306 1341 346; x_wconf 90' lang='lat' dir='ltr'><strong>inferior</strong></span> <span class='ocrx_word' id='word_1_19' title='bbox 1357 319 1432 346; x_wconf 84' lang='lat' dir='ltr'><strong>seu</strong></span> <span class='ocrx_word' id='word_1_20' title='bbox 1450 304 1612 354; x_wconf 85' lang='lat' dir='ltr'><strong>infima,</strong></span> 
     </span>
     <span class='ocr_line' id='line_1_4' title="bbox 347 375 1614 430; baseline -0.002 -14"><span class='ocrx_word' id='word_1_21' title='bbox 347 390 445 430; x_wconf 83' lang='lat' dir='ltr'><strong>quae</strong></span> <span class='ocrx_word' id='word_1_22' title='bbox 467 376 601 416; x_wconf 85' lang='lat' dir='ltr'><strong>etiam</strong></span> <span class='ocrx_word' id='word_1_23' title='bbox 626 375 819 417; x_wconf 88' lang='lat' dir='ltr'><strong>Animus</strong></span> <span class='ocrx_word' id='word_1_24' title='bbox 847 376 1015 426; x_wconf 86' lang='lat' dir='ltr'><strong>dicitur,</strong></span> <span class='ocrx_word' id='word_1_25' title='bbox 1038 389 1138 416; x_wconf 91' lang='lat' dir='ltr'><strong>cum</strong></span> <span class='ocrx_word' id='word_1_26' title='bbox 1167 375 1256 416; x_wconf 86' lang='lat' dir='ltr'><strong>suis</strong></span> <span class='ocrx_word' id='word_1_27' title='bbox 1284 375 1434 428; x_wconf 90' lang='lat' dir='ltr'><strong>geniis,</strong></span> <span class='ocrx_word' id='word_1_28' title='bbox 1457 387 1614 427; x_wconf 88' lang='lat' dir='ltr'><strong>reprae-</strong></span> 
     </span>
     <span class='ocr_line' id='line_1_5' title="bbox 345 443 1615 498; baseline -0.003 -12"><span class='ocrx_word' id='word_1_29' title='bbox 345 451 492 486; x_wconf 88' lang='lat' dir='ltr'><strong>sentat</strong></span> <span class='ocrx_word' id='word_1_30' title='bbox 521 459 732 498; x_wconf 89' lang='lat' dir='ltr'><strong>magnum</strong></span> <span class='ocrx_word' id='word_1_31' title='bbox 766 445 888 485; x_wconf 90' lang='lat' dir='ltr'><strong>illum</strong></span> <span class='ocrx_word' id='word_1_32' title='bbox 924 445 1169 498; x_wconf 83' lang='lat' dir='ltr'>Principem</span> <span class='ocrx_word' id='word_1_33' title='bbox 1202 443 1373 493; x_wconf 82' lang='lat' dir='ltr'>Mundi,</span> <span class='ocrx_word' id='word_1_34' title='bbox 1393 444 1463 484; x_wconf 91' lang='lat' dir='ltr'><strong>cui</strong></span> <span class='ocrx_word' id='word_1_35' title='bbox 1489 448 1615 483; x_wconf 85' lang='lat' dir='ltr'><strong>tanta</strong></span> 
     </span>
     <span class='ocr_line' id='line_1_6' title="bbox 345 512 1615 568; baseline -0.002 -14"><span class='ocrx_word' id='word_1_36' title='bbox 345 520 543 568; x_wconf 88' lang='lat' dir='ltr'><strong>potestas</strong></span> <span class='ocrx_word' id='word_1_37' title='bbox 566 528 591 554; x_wconf 91' lang='lat' dir='ltr'><strong>a</strong></span> <span class='ocrx_word' id='word_1_38' title='bbox 614 514 831 566; x_wconf 85' lang='lat' dir='ltr'><strong>Supremo</strong></span> <span class='ocrx_word' id='word_1_39' title='bbox 853 514 959 554; x_wconf 85' lang='lat' dir='ltr'><strong>data</strong></span> <span class='ocrx_word' id='word_1_40' title='bbox 977 519 1051 554; x_wconf 92' lang='lat' dir='ltr'><strong>est.</strong></span> <span class='ocrx_word' id='word_1_41' title='bbox 1095 513 1265 554; x_wconf 90' lang='lat' dir='ltr'><strong>Verum</strong></span> <span class='ocrx_word' id='word_1_42' title='bbox 1287 512 1382 553; x_wconf 78' lang='lat' dir='ltr'><strong>haec</strong></span> <span class='ocrx_word' id='word_1_43' title='bbox 1403 525 1488 552; x_wconf 92' lang='lat' dir='ltr'><strong>non</strong></span> <span class='ocrx_word' id='word_1_44' title='bbox 1511 517 1615 552; x_wconf 88' lang='lat' dir='ltr'><strong>sunt</strong></span> 
     </span>
     <span class='ocr_line' id='line_1_7' title="bbox 346 579 1613 637; baseline -0.003 -13"><span class='ocrx_word' id='word_1_45' title='bbox 346 597 477 624; x_wconf 78' lang='lat' dir='ltr'><strong>merae</strong></span> <span class='ocrx_word' id='word_1_46' title='bbox 503 582 944 637; x_wconf 82' lang='lat' dir='ltr'><strong>Repraesentationes‚</strong></span> <span class='ocrx_word' id='word_1_47' title='bbox 968 582 1044 623; x_wconf 86' lang='lat' dir='ltr'><strong>sed</strong></span> <span class='ocrx_word' id='word_1_48' title='bbox 1068 582 1241 622; x_wconf 78' lang='lat' dir='ltr'>realiter</span> <span class='ocrx_word' id='word_1_49' title='bbox 1264 581 1333 622; x_wconf 88' lang='lat' dir='ltr'><strong>hic</strong></span> <span class='ocrx_word' id='word_1_50' title='bbox 1359 581 1546 622; x_wconf 86' lang='lat' dir='ltr'><strong>vivimus</strong></span> <span class='ocrx_word' id='word_1_51' title='bbox 1573 579 1613 620; x_wconf 86' lang='lat'>&amp;</span> 
     </span>
     <span class='ocr_line' id='line_1_8' title="bbox 345 650 1613 705; baseline -0.002 -12"><span class='ocrx_word' id='word_1_52' title='bbox 345 652 625 694; x_wconf 81' lang='lat' dir='ltr'>ambulamus</span> <span class='ocrx_word' id='word_1_53' title='bbox 648 652 811 705; x_wconf 84' lang='lat' dir='ltr'><strong>exigua</strong></span> <span class='ocrx_word' id='word_1_54' title='bbox 835 652 1063 701; x_wconf 79' lang='lat' dir='ltr'>Universa,</span> <span class='ocrx_word' id='word_1_55' title='bbox 1087 665 1136 692; x_wconf 89' lang='lat' dir='ltr'><strong>ac</strong></span> <span class='ocrx_word' id='word_1_56' title='bbox 1163 657 1255 692; x_wconf 85' lang='lat' dir='ltr'><strong>tam</strong></span> <span class='ocrx_word' id='word_1_57' title='bbox 1278 650 1460 700; x_wconf 81' lang='lat' dir='ltr'><strong>Caelum,</strong></span> <span class='ocrx_word' id='word_1_58' title='bbox 1480 663 1613 703; x_wconf 88' lang='lat' dir='ltr'><strong>quam</strong></span> 
     </span>
     <span class='ocr_line' id='line_1_9' title="bbox 347 719 1614 773; baseline -0.002 -12"><span class='ocrx_word' id='word_1_59' title='bbox 347 721 580 770; x_wconf 90' lang='lat' dir='ltr'><strong>Mundum,</strong></span> <span class='ocrx_word' id='word_1_60' title='bbox 602 720 786 773; x_wconf 84' lang='lat' dir='ltr'>proinde</span> <span class='ocrx_word' id='word_1_61' title='bbox 810 720 1015 772; x_wconf 81' lang='lat' dir='ltr'><strong>Regnum</strong></span> <span class='ocrx_word' id='word_1_62' title='bbox 1039 720 1135 767; x_wconf 90' lang='lat' dir='ltr'><strong>Dei,</strong></span> <span class='ocrx_word' id='word_1_63' title='bbox 1155 720 1197 759; x_wconf 92' lang='lat' dir='ltr'><strong>in</strong></span> <span class='ocrx_word' id='word_1_64' title='bbox 1221 719 1346 760; x_wconf 93' lang='lat' dir='ltr'><strong>nobis</strong></span> <span class='ocrx_word' id='word_1_65' title='bbox 1366 724 1614 772; x_wconf 89' lang='lat' dir='ltr'><strong>portamus:</strong></span> 
     </span>
     <span class='ocr_line' id='line_1_10' title="bbox 347 787 1613 843; baseline -0.002 -12"><span class='ocrx_word' id='word_1_66' title='bbox 347 790 612 843; x_wconf 78' lang='lat' dir='ltr'><strong>supremum</strong></span> <span class='ocrx_word' id='word_1_67' title='bbox 644 789 836 837; x_wconf 91' lang='lat' dir='ltr'><strong>Numen,</strong></span> <span class='ocrx_word' id='word_1_68' title='bbox 860 788 1171 829; x_wconf 85' lang='lat' dir='ltr'><strong>Sanctissimus</strong></span> <span class='ocrx_word' id='word_1_69' title='bbox 1200 794 1348 828; x_wconf 88' lang='lat' dir='ltr'><strong>noster</strong></span> <span class='ocrx_word' id='word_1_70' title='bbox 1378 788 1548 836; x_wconf 88' lang='lat' dir='ltr'><strong>Parens,</strong></span> <span class='ocrx_word' id='word_1_71' title='bbox 1571 787 1613 827; x_wconf 92' lang='lat' dir='ltr'><strong>in</strong></span> 
     </span>
     <span class='ocr_line' id='line_1_11' title="bbox 345 856 1615 907; baseline -0.002 -8"><span class='ocrx_word' id='word_1_72' title='bbox 345 859 513 899; x_wconf 77' lang='lat' dir='ltr'><strong>Anima</strong></span> <span class='ocrx_word' id='word_1_73' title='bbox 541 859 701 907; x_wconf 72' lang='lat' dir='ltr'><strong>nostra,</strong></span> <span class='ocrx_word' id='word_1_74' title='bbox 725 870 825 897; x_wconf 89' lang='lat' dir='ltr'><strong>cum</strong></span> <span class='ocrx_word' id='word_1_75' title='bbox 855 859 933 896; x_wconf 74' lang='lat' dir='ltr'><strong>sua</strong></span> <span class='ocrx_word' id='word_1_76' title='bbox 961 856 1077 905; x_wconf 70' lang='lat' dir='ltr'><strong>Vita,</strong></span> <span class='ocrx_word' id='word_1_77' title='bbox 1102 857 1333 897; x_wconf 80' lang='lat' dir='ltr'>actualiter</span> <span class='ocrx_word' id='word_1_78' title='bbox 1361 862 1453 907; x_wconf 91' lang='lat' dir='ltr'><strong>est;</strong></span> <span class='ocrx_word' id='word_1_79' title='bbox 1505 856 1615 897; x_wconf 91' lang='lat' dir='ltr'><strong>Uni-</strong></span> 
     </span>
     <span class='ocr_line' id='line_1_12' title="bbox 345 924 1615 979; baseline -0.002 -12"><span class='ocrx_word' id='word_1_80' title='bbox 345 927 520 979; x_wconf 87' lang='lat' dir='ltr'><strong>genitus</strong></span> <span class='ocrx_word' id='word_1_81' title='bbox 555 926 661 979; x_wconf 91' lang='lat' dir='ltr'><strong>ejus,</strong></span> <span class='ocrx_word' id='word_1_82' title='bbox 697 939 773 965; x_wconf 92' lang='lat' dir='ltr'><strong>seu</strong></span> <span class='ocrx_word' id='word_1_83' title='bbox 811 924 955 965; x_wconf 89' lang='lat' dir='ltr'><strong>Amor</strong></span> <span class='ocrx_word' id='word_1_84' title='bbox 988 931 1146 975; x_wconf 90' lang='lat' dir='ltr'><strong>noster,</strong></span> <span class='ocrx_word' id='word_1_85' title='bbox 1180 924 1410 965; x_wconf 79' lang='lat' dir='ltr'><strong>actualiter</strong></span> <span class='ocrx_word' id='word_1_86' title='bbox 1442 925 1485 965; x_wconf 92' lang='lat' dir='ltr'><strong>in</strong></span> <span class='ocrx_word' id='word_1_87' title='bbox 1519 925 1615 978; x_wconf 74' lang='lat' dir='ltr'><strong>ipsa</strong></span> 
     </span>
     <span class='ocr_line' id='line_1_13' title="bbox 346 992 1614 1047; baseline -0.001 -13"><span class='ocrx_word' id='word_1_88' title='bbox 346 995 510 1043; x_wconf 89' lang='lat' dir='ltr'><strong>Mente,</strong></span> <span class='ocrx_word' id='word_1_89' title='bbox 545 1007 679 1047; x_wconf 89' lang='lat' dir='ltr'><strong>quam</strong></span> <span class='ocrx_word' id='word_1_90' title='bbox 712 993 954 1034; x_wconf 82' lang='lat' dir='ltr'><strong>incolimus.</strong></span> <span class='ocrx_word' id='word_1_91' title='bbox 1017 992 1077 1033; x_wconf 88' lang='lat' dir='ltr'><strong>Et</strong></span> <span class='ocrx_word' id='word_1_92' title='bbox 1109 994 1310 1047; x_wconf 87' lang='lat' dir='ltr'><strong>princeps</strong></span> <span class='ocrx_word' id='word_1_93' title='bbox 1345 993 1418 1033; x_wconf 93' lang='lat' dir='ltr'><strong>ille</strong></span> <span class='ocrx_word' id='word_1_94' title='bbox 1455 992 1614 1034; x_wconf 91' lang='lat' dir='ltr'><strong>Mundi</strong></span> 
     </span>
     <span class='ocr_line' id='line_1_14' title="bbox 345 1061 1615 1112; baseline -0.002 -8"><span class='ocrx_word' id='word_1_95' title='bbox 345 1063 576 1104; x_wconf 79' lang='lat' dir='ltr'>actualiter</span> <span class='ocrx_word' id='word_1_96' title='bbox 607 1075 707 1103; x_wconf 90' lang='lat' dir='ltr'><strong>cum</strong></span> <span class='ocrx_word' id='word_1_97' title='bbox 737 1063 816 1102; x_wconf 77' lang='lat' dir='ltr'><strong>sua</strong></span> <span class='ocrx_word' id='word_1_98' title='bbox 846 1062 948 1111; x_wconf 76' lang='lat' dir='ltr'><strong>vita,</strong></span> <span class='ocrx_word' id='word_1_99' title='bbox 979 1062 1021 1102; x_wconf 91' lang='lat' dir='ltr'><strong>in</strong></span> <span class='ocrx_word' id='word_1_100' title='bbox 1055 1061 1237 1112; x_wconf 87' lang='lat' dir='ltr'><strong>Animo,</strong></span> <span class='ocrx_word' id='word_1_101' title='bbox 1272 1076 1347 1102; x_wconf 91' lang='lat' dir='ltr'><strong>seu</strong></span> <span class='ocrx_word' id='word_1_102' title='bbox 1382 1063 1426 1102; x_wconf 92' lang='lat' dir='ltr'><strong>in</strong></span> <span class='ocrx_word' id='word_1_103' title='bbox 1461 1062 1615 1102; x_wconf 93' lang='lat' dir='ltr'><strong>Mente</strong></span> 
     </span>
     <span class='ocr_line' id='line_1_15' title="bbox 344 1130 1616 1185; baseline -0.002 -12"><span class='ocrx_word' id='word_1_104' title='bbox 344 1133 428 1173; x_wconf 75' lang='lat' dir='ltr'><strong>hac</strong></span> <span class='ocrx_word' id='word_1_105' title='bbox 465 1132 628 1181; x_wconf 75' lang='lat' dir='ltr'><strong>infima,</strong></span> <span class='ocrx_word' id='word_1_106' title='bbox 662 1145 813 1171; x_wconf 89' lang='lat' dir='ltr'><strong>verum</strong></span> <span class='ocrx_word' id='word_1_107' title='bbox 848 1131 1014 1184; x_wconf 81' lang='lat' dir='ltr'>absque</span> <span class='ocrx_word' id='word_1_108' title='bbox 1049 1131 1188 1181; x_wconf 74' lang='lat' dir='ltr'><strong>turba,</strong></span> <span class='ocrx_word' id='word_1_109' title='bbox 1210 1131 1324 1185; x_wconf 33' lang='lat' dir='ltr'><strong>&#39;quia</strong></span> <span class='ocrx_word' id='word_1_110' title='bbox 1357 1131 1414 1171; x_wconf 83' lang='lat' dir='ltr'><strong>ab</strong></span> <span class='ocrx_word' id='word_1_111' title='bbox 1447 1130 1616 1171; x_wconf 85' lang='lat' dir='ltr'><strong>Amore</strong></span> 
     </span>
     <span class='ocr_line' id='line_1_16' title="bbox 346 1199 1614 1254; baseline -0.002 -13"><span class='ocrx_word' id='word_1_112' title='bbox 346 1207 508 1250; x_wconf 87' lang='lat' dir='ltr'><strong>nostro,</strong></span> <span class='ocrx_word' id='word_1_113' title='bbox 545 1200 618 1254; x_wconf 89' lang='lat' dir='ltr'><strong>qui</strong></span> <span class='ocrx_word' id='word_1_114' title='bbox 657 1200 857 1240; x_wconf 79' lang='lat' dir='ltr'><strong>Mentem</strong></span> <span class='ocrx_word' id='word_1_115' title='bbox 893 1206 1016 1240; x_wconf 91' lang='lat' dir='ltr'><strong>tuam</strong></span> <span class='ocrx_word' id='word_1_116' title='bbox 1053 1201 1261 1254; x_wconf 82' lang='lat' dir='ltr'><strong>possidet,</strong></span> <span class='ocrx_word' id='word_1_117' title='bbox 1294 1200 1406 1241; x_wconf 90' lang='lat' dir='ltr'><strong>sicut</strong></span> <span class='ocrx_word' id='word_1_118' title='bbox 1437 1199 1614 1253; x_wconf 87' lang='lat' dir='ltr'><strong>janitor,</strong></span> 
     </span>
     <span class='ocr_line' id='line_1_17' title="bbox 345 1268 1616 1322; baseline -0.002 -12"><span class='ocrx_word' id='word_1_119' title='bbox 345 1271 519 1310; x_wconf 88' lang='lat' dir='ltr'><strong>vinctus</strong></span> <span class='ocrx_word' id='word_1_120' title='bbox 551 1276 615 1310; x_wconf 90' lang='lat' dir='ltr'><strong>est</strong></span> <span class='ocrx_word' id='word_1_121' title='bbox 649 1269 687 1309; x_wconf 85' lang='lat'>&amp;</span> <span class='ocrx_word' id='word_1_122' title='bbox 720 1269 1008 1322; x_wconf 83' lang='lat' dir='ltr'><strong>compeditus,</strong></span> <span class='ocrx_word' id='word_1_123' title='bbox 1030 1269 1215 1322; x_wconf 89' lang='lat' dir='ltr'><strong>proinde</strong></span> <span class='ocrx_word' id='word_1_124' title='bbox 1243 1269 1431 1318; x_wconf 85' lang='lat' dir='ltr'><strong>humilis,</strong></span> <span class='ocrx_word' id='word_1_125' title='bbox 1453 1268 1616 1309; x_wconf 89' lang='lat' dir='ltr'><strong>officio-</strong></span> 
     </span>
     <span class='ocr_line' id='line_1_18' title="bbox 345 1336 1616 1391; baseline -0.001 -12"><span class='ocrx_word' id='word_1_126' title='bbox 345 1353 429 1388; x_wconf 86' lang='lat' dir='ltr'><strong>sus,</strong></span> <span class='ocrx_word' id='word_1_127' title='bbox 466 1339 684 1389; x_wconf 89' lang='lat' dir='ltr'><strong>urbanus;</strong></span> <span class='ocrx_word' id='word_1_128' title='bbox 724 1352 803 1378; x_wconf 91' lang='lat' dir='ltr'><strong>nec</strong></span> <span class='ocrx_word' id='word_1_129' title='bbox 837 1338 895 1377; x_wconf 91' lang='lat' dir='ltr'><strong>ibi</strong></span> <span class='ocrx_word' id='word_1_130' title='bbox 929 1338 1066 1387; x_wconf 85' lang='lat' dir='ltr'><strong>ardet,</strong></span> <span class='ocrx_word' id='word_1_131' title='bbox 1104 1339 1206 1391; x_wconf 89' lang='lat' dir='ltr'><strong>quia</strong></span> <span class='ocrx_word' id='word_1_132' title='bbox 1243 1351 1330 1378; x_wconf 92' lang='lat' dir='ltr'><strong>non</strong></span> <span class='ocrx_word' id='word_1_133' title='bbox 1367 1337 1512 1387; x_wconf 90' lang='lat' dir='ltr'><strong>audet,</strong></span> <span class='ocrx_word' id='word_1_134' title='bbox 1546 1336 1616 1378; x_wconf 88' lang='lat' dir='ltr'><strong>vel</strong></span> 
     </span>
     <span class='ocr_line' id='line_1_19' title="bbox 346 1406 1614 1460; baseline -0.002 -12"><span class='ocrx_word' id='word_1_135' title='bbox 346 1408 529 1448; x_wconf 91' lang='lat' dir='ltr'><strong>minimo</strong></span> <span class='ocrx_word' id='word_1_136' title='bbox 548 1407 688 1460; x_wconf 80' lang='lat' dir='ltr'><strong>digito</strong></span> <span class='ocrx_word' id='word_1_137' title='bbox 705 1406 861 1446; x_wconf 80' lang='lat' dir='ltr'><strong>caelum</strong></span> <span class='ocrx_word' id='word_1_138' title='bbox 881 1413 1078 1446; x_wconf 90' lang='lat' dir='ltr'><strong>nostrum</strong></span> <span class='ocrx_word' id='word_1_139' title='bbox 1093 1408 1330 1460; x_wconf 88' lang='lat' dir='ltr'><strong>attingere:</strong></span> <span class='ocrx_word' id='word_1_140' title='bbox 1349 1407 1391 1447; x_wconf 89' lang='lat' dir='ltr'><strong>ei</strong></span> <span class='ocrx_word' id='word_1_141' title='bbox 1405 1406 1614 1455; x_wconf 89' lang='lat' dir='ltr'><strong>similiter,</strong></span> 
     </span>
     <span class='ocr_line' id='line_1_20' title="bbox 346 1475 1616 1528; baseline -0.001 -11"><span class='ocrx_word' id='word_1_142' title='bbox 346 1477 458 1517; x_wconf 88' lang='lat' dir='ltr'><strong>sicut</strong></span> <span class='ocrx_word' id='word_1_143' title='bbox 485 1476 620 1525; x_wconf 80' lang='lat' dir='ltr'><strong>vides,</strong></span> <span class='ocrx_word' id='word_1_144' title='bbox 643 1475 889 1528; x_wconf 83' lang='lat' dir='ltr'><strong>injunctum</strong></span> <span class='ocrx_word' id='word_1_145' title='bbox 919 1481 997 1525; x_wconf 89' lang='lat' dir='ltr'><strong>est,</strong></span> <span class='ocrx_word' id='word_1_146' title='bbox 1017 1482 1065 1516; x_wconf 91' lang='lat' dir='ltr'><strong>ut</strong></span> <span class='ocrx_word' id='word_1_147' title='bbox 1093 1476 1149 1516; x_wconf 90' lang='lat' dir='ltr'><strong>ad</strong></span> <span class='ocrx_word' id='word_1_148' title='bbox 1178 1476 1273 1516; x_wconf 91' lang='lat' dir='ltr'><strong>Nos</strong></span> <span class='ocrx_word' id='word_1_149' title='bbox 1302 1475 1472 1525; x_wconf 87' lang='lat' dir='ltr'><strong>reserat,</strong></span> <span class='ocrx_word' id='word_1_150' title='bbox 1496 1475 1616 1528; x_wconf 89' lang='lat' dir='ltr'><strong>quic-</strong></span> 
     </span>
    </p>
   </div>
   <div class='ocr_carea' id='block_1_3' title="bbox 344 1585 1618 2350">
    <p class='ocr_par' dir='ltr' id='par_1_3' title="bbox 344 1585 1618 2350">
     <span class='ocr_line' id='line_1_21' title="bbox 395 1585 1616 1630; baseline -0.001 -10"><span class='ocrx_word' id='word_1_151' title='bbox 395 1585 444 1630; x_wconf 88' lang='lat'><strong>(0)</strong></span> <span class='ocrx_word' id='word_1_152' title='bbox 472 1585 581 1630; x_wconf 81' lang='lat' dir='ltr'><strong>Quod</strong></span> <span class='ocrx_word' id='word_1_153' title='bbox 611 1585 749 1619; x_wconf 86' lang='lat' dir='ltr'><strong>Anima</strong></span> <span class='ocrx_word' id='word_1_154' title='bbox 774 1591 894 1619; x_wconf 89' lang='lat' dir='ltr'><strong>totum</strong></span> <span class='ocrx_word' id='word_1_155' title='bbox 921 1585 1074 1630; x_wconf 82' lang='lat' dir='ltr'><strong>Corpus,</strong></span> <span class='ocrx_word' id='word_1_156' title='bbox 1102 1596 1145 1619; x_wconf 87' lang='lat' dir='ltr'><strong>ex</strong></span> <span class='ocrx_word' id='word_1_157' title='bbox 1172 1585 1273 1620; x_wconf 86' lang='lat' dir='ltr'><strong>fibris</strong></span> <span class='ocrx_word' id='word_1_158' title='bbox 1299 1596 1321 1619; x_wconf 85' lang='lat' dir='ltr'><strong>a</strong></span> <span class='ocrx_word' id='word_1_159' title='bbox 1348 1596 1387 1620; x_wconf 92' lang='lat' dir='ltr'><strong>se</strong></span> <span class='ocrx_word' id='word_1_160' title='bbox 1412 1585 1616 1630; x_wconf 87' lang='lat' dir='ltr'><strong>productis,</strong></span> 
     </span>
     <span class='ocr_line' id='line_1_22' title="bbox 345 1640 1615 1686; baseline -0.001 -11"><span class='ocrx_word' id='word_1_161' title='bbox 345 1642 451 1686; x_wconf 80' lang='lat' dir='ltr'><strong>quasi</strong></span> <span class='ocrx_word' id='word_1_162' title='bbox 467 1641 685 1683; x_wconf 87' lang='lat' dir='ltr'><strong>condiderit,</strong></span> <span class='ocrx_word' id='word_1_163' title='bbox 701 1641 885 1685; x_wconf 88' lang='lat' dir='ltr'><strong>quodque,</strong></span> <span class='ocrx_word' id='word_1_164' title='bbox 901 1642 1066 1674; x_wconf 86' lang='lat' dir='ltr'><strong>omnium</strong></span> <span class='ocrx_word' id='word_1_165' title='bbox 1080 1640 1199 1685; x_wconf 92' lang='lat' dir='ltr'><strong>primo</strong></span> <span class='ocrx_word' id='word_1_166' title='bbox 1216 1642 1385 1676; x_wconf 86' lang='lat' dir='ltr'><strong>Mentem</strong></span> <span class='ocrx_word' id='word_1_167' title='bbox 1404 1641 1516 1685; x_wconf 85' lang='lat' dir='ltr'><strong>illam,</strong></span> <span class='ocrx_word' id='word_1_168' title='bbox 1532 1651 1615 1686; x_wconf 87' lang='lat' dir='ltr'><strong>quae</strong></span> 
     </span>
     <span class='ocr_line' id='line_1_23' title="bbox 350 1695 1617 1741; baseline 0 -11"><span class='ocrx_word' id='word_1_169' title='bbox 350 1696 615 1731; x_wconf 86' lang='lat' dir='ltr'><strong>Intellectualis</strong></span> <span class='ocrx_word' id='word_1_170' title='bbox 642 1695 786 1738; x_wconf 87' lang='lat' dir='ltr'><strong>dicitur,</strong></span> <span class='ocrx_word' id='word_1_171' title='bbox 812 1696 905 1729; x_wconf 85' lang='lat' dir='ltr'><strong>sicut</strong></span> <span class='ocrx_word' id='word_1_172' title='bbox 933 1706 1038 1729; x_wconf 89' lang='lat' dir='ltr'><strong>suum</strong></span> <span class='ocrx_word' id='word_1_173' title='bbox 1066 1696 1323 1740; x_wconf 84' lang='lat' dir='ltr'><strong>Unigenitum,</strong></span> <span class='ocrx_word' id='word_1_174' title='bbox 1343 1696 1564 1741; x_wconf 87' lang='lat' dir='ltr'><strong>conceperit,</strong></span> <span class='ocrx_word' id='word_1_175' title='bbox 1584 1695 1617 1730; x_wconf 70' lang='grc' dir='ltr'>ἅ</span> 
     </span>
     <span class='ocr_line' id='line_1_24' title="bbox 345 1751 1616 1797; baseline 0 -11"><span class='ocrx_word' id='word_1_176' title='bbox 345 1752 425 1797; x_wconf 87' lang='lat' dir='ltr'><strong>ejus</strong></span> <span class='ocrx_word' id='word_1_177' title='bbox 458 1752 659 1796; x_wconf 84' lang='lat' dir='ltr'><strong>Olympum</strong></span> <span class='ocrx_word' id='word_1_178' title='bbox 685 1751 915 1794; x_wconf 84' lang='lat' dir='ltr'><strong>exstruxerit,</strong></span> <span class='ocrx_word' id='word_1_179' title='bbox 941 1751 973 1785; x_wconf 85' lang='lat'>&amp;</span> <span class='ocrx_word' id='word_1_180' title='bbox 998 1762 1084 1785; x_wconf 83' lang='lat' dir='ltr'><strong>mox</strong></span> <span class='ocrx_word' id='word_1_181' title='bbox 1110 1751 1147 1784; x_wconf 93' lang='lat' dir='ltr'><strong>in</strong></span> <span class='ocrx_word' id='word_1_182' title='bbox 1173 1762 1258 1785; x_wconf 88' lang='lat' dir='ltr'><strong>eum</strong></span> <span class='ocrx_word' id='word_1_183' title='bbox 1287 1751 1557 1795; x_wconf 87' lang='lat' dir='ltr'><strong>Intelligentias</strong></span> <span class='ocrx_word' id='word_1_184' title='bbox 1582 1751 1616 1786; x_wconf 89' lang='lat'>&amp;</span> 
     </span>
     <span class='ocr_line' id='line_1_25' title="bbox 349 1806 1615 1852; baseline -0.002 -10"><span class='ocrx_word' id='word_1_185' title='bbox 349 1807 558 1852; x_wconf 84' lang='lat' dir='ltr'><strong>Sapientias</strong></span> <span class='ocrx_word' id='word_1_186' title='bbox 576 1806 842 1847; x_wconf 82' lang='lat' dir='ltr'><strong>introduxerit3</strong></span> <span class='ocrx_word' id='word_1_187' title='bbox 869 1806 1043 1851; x_wconf 86' lang='lat' dir='ltr'><strong>quodque</strong></span> <span class='ocrx_word' id='word_1_188' title='bbox 1068 1807 1100 1841; x_wconf 89' lang='lat' dir='ltr'><strong>ei</strong></span> <span class='ocrx_word' id='word_1_189' title='bbox 1128 1818 1232 1840; x_wconf 87' lang='lat' dir='ltr'><strong>suurn</strong></span> <span class='ocrx_word' id='word_1_190' title='bbox 1262 1807 1463 1851; x_wconf 88' lang='lat' dir='ltr'><strong>Imperium</strong></span> <span class='ocrx_word' id='word_1_191' title='bbox 1488 1817 1615 1851; x_wconf 88' lang='lat' dir='ltr'><strong>regen-</strong></span> 
     </span>
     <span class='ocr_line' id='line_1_26' title="bbox 347 1861 1617 1907; baseline 0 -11"><span class='ocrx_word' id='word_1_192' title='bbox 347 1863 435 1897; x_wconf 89' lang='lat' dir='ltr'><strong>dum</strong></span> <span class='ocrx_word' id='word_1_193' title='bbox 454 1862 658 1904; x_wconf 81' lang='lat' dir='ltr'><strong>tradiderit,</strong></span> <span class='ocrx_word' id='word_1_194' title='bbox 673 1862 818 1906; x_wconf 85' lang='lat' dir='ltr'><strong>sibique</strong></span> <span class='ocrx_word' id='word_1_195' title='bbox 836 1861 948 1895; x_wconf 90' lang='lat' dir='ltr'><strong>modo</strong></span> <span class='ocrx_word' id='word_1_196' title='bbox 970 1863 1153 1896; x_wconf 81' lang='lat' dir='ltr'><strong>Naturam</strong></span> <span class='ocrx_word' id='word_1_197' title='bbox 1168 1862 1271 1897; x_wconf 84' lang='lat' dir='ltr'><strong>istius</strong></span> <span class='ocrx_word' id='word_1_198' title='bbox 1288 1863 1419 1906; x_wconf 88' lang='lat' dir='ltr'><strong>Regni,</strong></span> <span class='ocrx_word' id='word_1_199' title='bbox 1433 1862 1466 1897; x_wconf 94' lang='lat' dir='ltr'><strong>ei</strong></span> <span class='ocrx_word' id='word_1_200' title='bbox 1481 1862 1617 1907; x_wconf 87' lang='lat' dir='ltr'><strong>gratifi-</strong></span> 
     </span>
     <span class='ocr_line' id='line_1_27' title="bbox 347 1917 1618 1962; baseline -0.001 -10"><span class='ocrx_word' id='word_1_201' title='bbox 347 1918 456 1952; x_wconf 83' lang='lat' dir='ltr'><strong>candi</strong></span> <span class='ocrx_word' id='word_1_202' title='bbox 472 1929 596 1961; x_wconf 88' lang='lat' dir='ltr'><strong>causa,</strong></span> <span class='ocrx_word' id='word_1_203' title='bbox 609 1917 863 1960; x_wconf 85' lang='lat' dir='ltr'><strong>reservaverit,</strong></span> <span class='ocrx_word' id='word_1_204' title='bbox 876 1917 908 1951; x_wconf 58' lang='grc' dir='ltr'><strong>δέ</strong></span> <span class='ocrx_word' id='word_1_205' title='bbox 923 1917 1039 1961; x_wconf 82' lang='lat' dir='ltr'><strong>plura,</strong></span> <span class='ocrx_word' id='word_1_206' title='bbox 1052 1928 1135 1962; x_wconf 85' lang='lat' dir='ltr'><strong>quae</strong></span> <span class='ocrx_word' id='word_1_207' title='bbox 1148 1928 1299 1962; x_wconf 89' lang='lat' dir='ltr'><strong>prorsus</strong></span> <span class='ocrx_word' id='word_1_208' title='bbox 1317 1929 1402 1952; x_wconf 93' lang='lat' dir='ltr'><strong>cum</strong></span> <span class='ocrx_word' id='word_1_209' title='bbox 1422 1918 1618 1962; x_wconf 88' lang='lat' dir='ltr'><strong>Regimine</strong></span> 
     </span>
     <span class='ocr_line' id='line_1_28' title="bbox 349 1973 1618 2018; baseline 0 -10"><span class='ocrx_word' id='word_1_210' title='bbox 349 1973 524 2008; x_wconf 90' lang='lat' dir='ltr'><strong>Universi</strong></span> <span class='ocrx_word' id='word_1_211' title='bbox 544 1973 770 2016; x_wconf 89' lang='lat' dir='ltr'><strong>coincidunt,</strong></span> <span class='ocrx_word' id='word_1_212' title='bbox 789 1984 900 2017; x_wconf 88' lang='lat' dir='ltr'><strong>supra</strong></span> <span class='ocrx_word' id='word_1_213' title='bbox 918 1973 1007 2007; x_wconf 88' lang='lat' dir='ltr'><strong>satis</strong></span> <span class='ocrx_word' id='word_1_214' title='bbox 1027 1973 1164 2017; x_wconf 82' lang='lat' dir='ltr'><strong>prolixe</strong></span> <span class='ocrx_word' id='word_1_215' title='bbox 1186 1973 1219 2007; x_wconf 87' lang='lat'>&amp;</span> <span class='ocrx_word' id='word_1_216' title='bbox 1243 1973 1427 2007; x_wconf 82' lang='lat' dir='ltr'><strong>luculente</strong></span> <span class='ocrx_word' id='word_1_217' title='bbox 1450 1973 1618 2018; x_wconf 88' lang='lat' dir='ltr'><strong>exposita</strong></span> 
     </span>
     <span class='ocr_line' id='line_1_29' title="bbox 344 2027 1617 2072; baseline 0 -10"><span class='ocrx_word' id='word_1_218' title='bbox 344 2028 473 2062; x_wconf 89' lang='lat' dir='ltr'><strong>videas</strong></span> <span class='ocrx_word' id='word_1_219' title='bbox 486 2041 493 2069; x_wconf 83' lang='lat'><em>3</em></span> <span class='ocrx_word' id='word_1_220' title='bbox 517 2039 604 2061; x_wconf 81' lang='lat' dir='ltr'><strong>narn</strong></span> <span class='ocrx_word' id='word_1_221' title='bbox 619 2034 724 2062; x_wconf 88' lang='lat' dir='ltr'><strong>tanta</strong></span> <span class='ocrx_word' id='word_1_222' title='bbox 738 2027 945 2070; x_wconf 87' lang='lat' dir='ltr'><strong>intercedit,</strong></span> <span class='ocrx_word' id='word_1_223' title='bbox 959 2039 1006 2061; x_wconf 88' lang='lat' dir='ltr'><strong>ne</strong></span> <span class='ocrx_word' id='word_1_224' title='bbox 1020 2028 1154 2070; x_wconf 87' lang='lat' dir='ltr'><strong>dicam,</strong></span> <span class='ocrx_word' id='word_1_225' title='bbox 1169 2028 1341 2071; x_wconf 87' lang='lat' dir='ltr'><strong>affinitas,</strong></span> <span class='ocrx_word' id='word_1_226' title='bbox 1354 2028 1418 2062; x_wconf 83' lang='lat' dir='ltr'><strong>sed</strong></span> <span class='ocrx_word' id='word_1_227' title='bbox 1433 2029 1617 2072; x_wconf 86' lang='lat' dir='ltr'><strong>cognatio,</strong></span> 
     </span>
     <span class='ocr_line' id='line_1_30' title="bbox 344 2083 1616 2128; baseline 0 -11"><span class='ocrx_word' id='word_1_228' title='bbox 344 2090 383 2118; x_wconf 90' lang='lat' dir='ltr'><strong>ut</strong></span> <span class='ocrx_word' id='word_1_229' title='bbox 401 2083 463 2128; x_wconf 91' lang='lat' dir='ltr'><strong>qui</strong></span> <span class='ocrx_word' id='word_1_230' title='bbox 484 2084 518 2116; x_wconf 87' lang='lat' dir='ltr'><strong>in</strong></span> <span class='ocrx_word' id='word_1_231' title='bbox 539 2083 751 2127; x_wconf 87' lang='lat' dir='ltr'><strong>cognitione</strong></span> <span class='ocrx_word' id='word_1_232' title='bbox 769 2083 878 2116; x_wconf 87' lang='lat' dir='ltr'><strong>unius</strong></span> <span class='ocrx_word' id='word_1_233' title='bbox 897 2089 964 2125; x_wconf 89' lang='lat' dir='ltr'><strong>est,</strong></span> <span class='ocrx_word' id='word_1_234' title='bbox 979 2083 1091 2117; x_wconf 84' lang='lat' dir='ltr'><strong>etiam</strong></span> <span class='ocrx_word' id='word_1_235' title='bbox 1106 2084 1142 2117; x_wconf 91' lang='lat' dir='ltr'><strong>in</strong></span> <span class='ocrx_word' id='word_1_236' title='bbox 1159 2083 1369 2127; x_wconf 88' lang='lat' dir='ltr'><strong>cognitione</strong></span> <span class='ocrx_word' id='word_1_237' title='bbox 1387 2083 1538 2117; x_wconf 85' lang='lat' dir='ltr'><strong>alterius</strong></span> <span class='ocrx_word' id='word_1_238' title='bbox 1557 2083 1616 2118; x_wconf 86' lang='lat' dir='ltr'><strong>sit.</strong></span> 
     </span>
     <span class='ocr_line' id='line_1_31' title="bbox 347 2138 1618 2184; baseline 0 -11"><span class='ocrx_word' id='word_1_239' title='bbox 347 2139 458 2184; x_wconf 76' lang='lat' dir='ltr'><strong>Quod</strong></span> <span class='ocrx_word' id='word_1_240' title='bbox 484 2139 638 2172; x_wconf 85' lang='lat' dir='ltr'><strong>Veteres</strong></span> <span class='ocrx_word' id='word_1_241' title='bbox 665 2138 798 2172; x_wconf 87' lang='lat' dir='ltr'><strong>clarius</strong></span> <span class='ocrx_word' id='word_1_242' title='bbox 825 2138 1089 2183; x_wconf 80' lang='lat' dir='ltr'><strong>perspexerint,</strong></span> <span class='ocrx_word' id='word_1_243' title='bbox 1117 2145 1284 2172; x_wconf 87' lang='lat' dir='ltr'><strong>nostrum</strong></span> <span class='ocrx_word' id='word_1_244' title='bbox 1312 2139 1454 2183; x_wconf 82' lang='lat' dir='ltr'><strong>Corpus</strong></span> <span class='ocrx_word' id='word_1_245' title='bbox 1481 2138 1618 2173; x_wconf 86' lang='lat' dir='ltr'><strong>referre</strong></span> 
     </span>
     <span class='ocr_line' id='line_1_32' title="bbox 346 2193 1616 2238; baseline -0.001 -9"><span class='ocrx_word' id='word_1_246' title='bbox 346 2195 583 2237; x_wconf 86' lang='lat' dir='ltr'><strong>Universum,</strong></span> <span class='ocrx_word' id='word_1_247' title='bbox 610 2205 722 2238; x_wconf 82' lang='lat' dir='ltr'><strong>quam</strong></span> <span class='ocrx_word' id='word_1_248' title='bbox 756 2195 952 2227; x_wconf 86' lang='lat' dir='ltr'><strong>Nostrates</strong></span> <span class='ocrx_word' id='word_1_249' title='bbox 984 2200 1047 2227; x_wconf 89' lang='lat' dir='ltr'><strong>aut</strong></span> <span class='ocrx_word' id='word_1_250' title='bbox 1075 2194 1286 2237; x_wconf 88' lang='lat' dir='ltr'><strong>Christiani,</strong></span> <span class='ocrx_word' id='word_1_251' title='bbox 1313 2193 1350 2228; x_wconf 92' lang='lat' dir='ltr'><strong>id</strong></span> <span class='ocrx_word' id='word_1_252' title='bbox 1376 2193 1616 2228; x_wconf 82' lang='lat' dir='ltr'><strong>excaecationi</strong></span> 
     </span>
     <span class='ocr_line' id='line_1_33' title="bbox 345 2249 1618 2293; baseline 0 -9"><span class='ocrx_word' id='word_1_253' title='bbox 345 2250 540 2292; x_wconf 87' lang='lat' dir='ltr'><strong>Mentium,</strong></span> <span class='ocrx_word' id='word_1_254' title='bbox 554 2260 576 2282; x_wconf 89' lang='lat' dir='ltr'><strong>a</strong></span> <span class='ocrx_word' id='word_1_255' title='bbox 592 2249 759 2293; x_wconf 90' lang='lat' dir='ltr'><strong>principe</strong></span> <span class='ocrx_word' id='word_1_256' title='bbox 779 2249 882 2283; x_wconf 89' lang='lat' dir='ltr'><strong>istius</strong></span> <span class='ocrx_word' id='word_1_257' title='bbox 898 2249 1050 2292; x_wconf 59' lang='lat' dir='ltr'><strong>umbrae,</strong></span> <span class='ocrx_word' id='word_1_258' title='bbox 1066 2249 1227 2283; x_wconf 83' lang='lat' dir='ltr'><strong>adscribi</strong></span> <span class='ocrx_word' id='word_1_259' title='bbox 1242 2255 1385 2293; x_wconf 87' lang='lat' dir='ltr'><strong>potest3</strong></span> <span class='ocrx_word' id='word_1_260' title='bbox 1413 2260 1459 2284; x_wconf 89' lang='lat' dir='ltr'><strong>ne</strong></span> <span class='ocrx_word' id='word_1_261' title='bbox 1477 2249 1618 2284; x_wconf 91' lang='lat' dir='ltr'><strong>scilicet</strong></span> 
     </span>
     <span class='ocr_line' id='line_1_34' title="bbox 344 2304 1535 2350; baseline -0.001 -10"><span class='ocrx_word' id='word_1_262' title='bbox 344 2306 441 2340; x_wconf 85' lang='lat' dir='ltr'><strong>clare</strong></span> <span class='ocrx_word' id='word_1_263' title='bbox 460 2305 539 2350; x_wconf 88' lang='lat' dir='ltr'><strong>ejus</strong></span> <span class='ocrx_word' id='word_1_264' title='bbox 562 2304 762 2348; x_wconf 86' lang='lat' dir='ltr'><strong>Infernum,</strong></span> <span class='ocrx_word' id='word_1_265' title='bbox 781 2305 902 2338; x_wconf 87' lang='lat' dir='ltr'><strong>minus</strong></span> <span class='ocrx_word' id='word_1_266' title='bbox 924 2304 994 2338; x_wconf 90' lang='lat' dir='ltr'><strong>Dei</strong></span> <span class='ocrx_word' id='word_1_267' title='bbox 1016 2305 1168 2349; x_wconf 76' lang='lat' dir='ltr'><strong>Caelum,</strong></span> <span class='ocrx_word' id='word_1_268' title='bbox 1188 2305 1535 2349; x_wconf 86' lang='lat' dir='ltr'><strong>contemplarentur.</strong></span> 
     </span>
    </p>
   </div>
  </div>
 </body>
</html>
