1835 2672
402 153 445 187 28
814 150 960 185 PARS
989 150 1259 195 SECUNDA,

401 249 505 298 solo,
521 248 802 289 Pulchritudo
825 262 949 289 suum
967 248 1278 296 harmonicum,
1293 261 1419 288 suum
1437 246 1650 298 floridum,

401 317 439 358 ἃ
457 331 583 358 suum
600 331 869 370 germanum,
884 331 934 358 ac
949 318 1053 358 Vita
1071 331 1193 358 suam
1209 331 1408 358 auroram
1427 317 1464 357 &
1478 318 1651 358 vernale

399 387 598 437 ortivum,
618 386 750 427 trahit
769 401 777 437 ;
799 392 1063 439 quapropter
1085 387 1176 439 ipse
1192 385 1334 426 Amor
1351 400 1407 426 ex
1423 391 1652 426 venustate

399 455 583 505 elucens,
607 469 664 496 ex
687 455 836 496 abdita
860 454 897 495 ἃ
920 461 1086 495 naturae
1109 455 1237 496 insita
1257 455 1426 504 virtute,
1451 460 1651 495 mutuum

398 538 592 565 amorem
616 524 742 575 elicit,
767 524 805 565 δι
829 524 940 564 sicut
969 525 1103 564 index
1131 537 1287 564 venam
1319 523 1653 577 pulchritudinis

398 593 569 633 revelat.

461 671 551 701 101.
586 659 698 699 Haec
730 660 858 708 dicta,
885 672 984 699 cum
1015 658 1371 708 Adolescentula,
1393 658 1520 700 avida
1551 658 1652 698 arri-

396 735 519 782 peret
551 742 663 777 aure,
687 728 725 768 ἃ
759 728 883 780 quasi
917 733 1012 767 tota
1044 727 1236 767 sorberet
1265 734 1422 777 mente,
1445 727 1651 767 intuitum

398 797 530 850 paulo
561 797 603 836 in
635 810 681 836 se
713 797 852 849 ipsam
875 795 1032 844 retulit,
1057 809 1158 835 nam
1180 795 1348 849 aliquas
1370 810 1393 836 e
1415 810 1528 836 novo
1548 796 1651 836 sub-

399 872 524 906 natas
553 864 727 904 volvere
756 863 794 904 &
826 863 986 917 plicare
1018 864 1152 916 coepit
1177 864 1320 914 ideas;
1353 865 1546 916 dumque
1576 863 1653 904 ali-

398 934 653 987 quantisper
673 933 859 973 tenuerit
881 934 966 972 oris
983 932 1252 985 respiratum,
1266 946 1320 973 ne
1337 932 1371 973 is
1387 933 1652 973 versationes

398 1001 490 1054 ejus
508 1002 666 1041 mentis
683 1015 760 1054 per
776 1000 950 1041 altiores
967 1001 1327 1054 recipocrationes
1344 1001 1652 1054 interpellaret,

398 1072 554 1110 iterum
590 1070 769 1111 remissa
806 1070 928 1122 quasi
961 1070 1119 1119 anima,
1151 1069 1382 1111 Caelestem
1414 1069 1481 1110 his
1510 1069 1652 1110 verbis

396 1139 558 1179 blande
580 1138 715 1179 affata
746 1143 840 1187 est;
873 1138 1077 1191 aperiam,
1102 1139 1206 1191 quid
1238 1152 1294 1178 ex
1317 1138 1469 1179 edictis
1498 1140 1652 1179 vestris

398 1221 421 1248 e
455 1221 568 1248 novo
605 1208 647 1247 in
682 1213 875 1247 mentem
912 1221 1056 1247 meam
1085 1208 1306 1260 surrepsit,
1335 1207 1508 1257 scilicet,
1531 1208 1650 1260 quod

399 1276 680 1317 Pulchritudo
702 1276 825 1316 faciei
849 1290 905 1316 ex
927 1276 1079 1316 ordine
1108 1277 1190 1317 isto
1224 1275 1425 1329 Supremi
1456 1276 1650 1326 oriunda,

397 1345 454 1385 sit
475 1345 608 1385 modo
641 1344 853 1385 Perfectio
891 1344 1125 1397 Corporis;
1156 1358 1304 1385 verum
1339 1351 1549 1397 tanquam
1580 1359 1651 1385 co·

399 1414 540 1453 minus
561 1413 791 1466 perspiciO,
813 1413 930 1466 quod
961 1412 1173 1453 Perfectio
1202 1413 1345 1453 adhuc
1375 1413 1580 1454 illustrior
1610 1413 1649 1454 &

398 1482 676 1535 praestantior
710 1495 767 1521 ex
801 1482 957 1521 eodem
993 1481 1157 1522 Ordine
1185 1481 1303 1531 fluat,
1325 1482 1527 1522 nimirum
1551 1483 1651 1523 Per—

397 1550 527 1590 fectio
549 1550 682 1603 ipsius
699 1549 825 1599 Vitae,
842 1563 938 1602 quae
956 1551 1128 1602 proprie
1144 1556 1219 1590 aut
1241 1550 1457 1603 praecipue
1475 1550 1651 1591 Statum

399 1618 512 1659 illius
538 1618 818 1671 Integritatis,
841 1619 895 1658 de
918 1631 1005 1670 quo
1026 1631 1096 1657 me
1116 1618 1324 1658 instruere
1346 1618 1533 1671 benigne
1552 1633 1651 1672 pro-

399 1687 564 1737 misisti,
606 1686 816 1737 involvit;
862 1700 1012 1739 precor
1053 1687 1211 1739 itaque,
1251 1692 1299 1726 ut
1338 1687 1524 1739 gratiam
1569 1687 1650 1728 hac

399 1756 532 1796 etiam
564 1755 706 1808 gratia
736 1755 940 1804 cumules,
964 1760 1011 1795 ut
1039 1768 1108 1794 me
1133 1755 1302 1803 doceaS,
1324 1754 1428 1807 quid
1450 1753 1487 1794 &
1511 1755 1651 1808 qualis

399 1830 464 1865 est
484 1824 695 1877 Peffectio
727 1824 844 1865 Vitoe.
905 1823 980 1864 Ad
1006 1822 1099 1863 haec
1121 1823 1418 1876 Intelligentia
1441 1823 1651 1875 Caelestis,

398 1894 602 1947 percipio,
633 1892 785 1945 inquit,
823 1892 941 1945 quod
982 1892 1091 1931 ideae
1125 1897 1294 1940 nostrae,
1329 1897 1416 1931 tuae
1453 1891 1490 1932 ἃ
1527 1906 1650 1943 meze,

397 1964 509 2002 sicut
531 1975 708 2011 sorores,
731 1961 954 2009 consociae,
978 1959 1132 2001 eodem
1154 1960 1335 2000 tendant
1354 1973 1363 2009 3
1396 1972 1496 1999 narn
1522 1961 1564 2000 in
1594 1962 1650 2011 id,

399 2030 517 2083 quod
551 2030 720 2082 quaeris,
740 2043 882 2069 sermo
917 2043 1038 2069 meus
1072 2042 1128 2068 ex
1157 2042 1202 2068 se
1225 2028 1317 2081 jam
1345 2026 1531 2079 labitur;
1563 2043 1650 2070 una

399 2099 514 2139 enim
540 2098 750 2138 Perfectio
771 2097 950 2138 involvit
973 2097 1165 2147 alteram,
1183 2110 1283 2137 nam
1302 2095 1436 2137 altera
1459 2096 1496 2137 ἃ
1513 2097 1650 2139 altera

399 2181 457 2208 ex
484 2167 638 2208 eodem
668 2167 833 2208 Ordine
861 2166 1076 2206 nascitur:
1109 2165 1319 2206 Perfectio
1353 2164 1556 2218 Corporis
1583 2173 1649 2208 est

398 2236 606 2290 perfectio
629 2236 799 2275 Formae
821 2235 863 2274 in
886 2236 963 2274 sua
984 2234 1238 2284 substantia,
1261 2247 1317 2273 ex
1338 2233 1431 2283 hac,
1455 2240 1502 2275 ut
1525 2249 1550 2275 a
1570 2248 1649 2276 suo

400 2304 609 2358 subjecto,
641 2303 827 2358 pullulat
862 2303 1073 2345 Perfectio
1108 2303 1262 2344 virium
1298 2302 1334 2343 &
1370 2303 1500 2355 vitae3
1542 2304 1649 2345 nihil
