1783 2760
508 162 587 196 DE
621 162 773 196 ORTU
801 162 1076 197 TELLURJS.
1377 172 1415 209 15

162 258 485 312 Atmosphaera‚
500 272 596 311 quae
612 259 811 311 proxime
825 259 1008 298 ambiret
1024 260 1184 308 orbem,
1202 260 1238 301 ἃς
1253 261 1416 302 solares

162 328 283 380 ignes
305 328 537 380 exciperet,
557 326 594 366 &
613 327 849 366 secundum
873 328 1156 367 variationem
1178 330 1242 368 sui
1264 336 1415 376 status,

161 409 237 435 seu
267 395 493 435 densitatis
520 395 558 435 ἃ
587 394 810 443 columnae,
834 401 1121 447 temperaret;
1175 397 1283 437 Haec
1310 398 1415 437 dum

164 470 302 513 enata,
326 464 441 503 dicta
464 463 543 503 fuit
573 463 674 511 Aer,
698 477 754 502 ex
784 470 878 503 ortu
909 478 986 503 suo
1017 464 1057 503 id
1087 464 1272 512 trahens,
1297 466 1414 518 quod

162 532 204 571 in
242 532 444 571 omnibus
475 531 633 584 agendi
667 532 806 570 rnodis
839 532 1066 572 aemuletur
1094 532 1332 582 AEtherem,
1365 548 1415 573 ac

162 600 402 653 insuper‚ut
417 600 569 652 gravis,
580 600 780 652 seipsam,
797 599 833 639 &
850 601 908 639 sic
924 600 1141 640 Tellurem
1157 608 1325 653 premat
1343 602 1413 653 (la).

225 679 285 718 14.
318 669 553 720 Postquam
577 668 669 707 haec
691 668 1002 720 Atmosphaera
1024 683 1048 708 a
1071 671 1334 709 tenuissimis
1357 685 1413 710 ex

163 736 292 777 Orbis
314 738 478 789 gremio
502 736 718 776 exhalatis
740 737 958 789 principiis
979 737 1147 777 AEtheri
1172 740 1416 791 connuptis,

162 804 339 845 exclusa
360 805 451 853 fuit,
475 805 512 845 ἃ
534 819 610 858 per
637 818 732 844 eam
758 806 891 857 coepit
918 807 1148 858 temperari
1178 813 1318 855 aestus,
1341 807 1414 859 qui

161 887 217 913 ex
250 873 377 926 igneo
411 873 551 913 Fonte
580 879 670 913 tam
699 874 840 913 vicino
873 875 1066 922 undaret,
1091 881 1193 914 tunc
1225 876 1414 928 liquidus

161 948 308 982 noster
329 942 443 982 orbis
464 942 697 995 incipiebat
717 942 886 982 trahere
908 950 1108 991 crustam,
1127 950 1200 983 aut
1222 946 1414 996 superin-

163 1002 260 1050 duci
276 1011 397 1063 quasi
413 1011 766 1062 tunica‚primurn
782 1012 1027 1060 tenui,mox
1043 1018 1189 1052 autem
1205 1013 1414 1061 densiore,

161 1092 258 1131 quae
276 1079 514 1119 secundum
533 1078 800 1118 affluentiam
819 1080 1006 1131 partium
1023 1080 1178 1120 de-sub
1193 1094 1415 1133 emergen—

161 1147 270 1187 tium
313 1147 519 1188 continuo
559 1154 844 1187 succresceret
865 1161 872 1187 :
916 1162 1016 1188 nam
1059 1149 1200 1189 adhuc
1234 1150 1290 1189 ab
1326 1152 1414 1190 imo

161 1215 297 1255 fundo
321 1216 546 1255 aestuabat.
601 1214 729 1255 Orbis
751 1215 831 1254 hac
853 1216 1077 1268 superficie
1098 1217 1415 1266 circumtectus,

162 1283 200 1324 &
218 1285 339 1336 quasi
359 1290 658 1336 praetextatus‚
675 1290 777 1323 tunc
793 1285 980 1336 primum
1000 1285 1207 1325 induebat
1230 1286 1414 1327 Telluris

161 1352 327 1400 faciem,
353 1352 389 1392 ἃ
411 1353 586 1404 quidem
612 1353 820 1392 mundam
844 1352 881 1392 ἃ
904 1353 1166 1404 formosam;
1197 1368 1297 1394 narn
1321 1370 1414 1408 per-

160 1427 292 1473 petua
334 1428 424 1460 erat
465 1420 678 1473 planities,
711 1421 875 1473 absque
906 1422 1086 1470 mendis,
1117 1437 1191 1463 seu
1224 1424 1343 1464 clivis
1376 1425 1413 1465 ἃ

159 1489 352 1537 vallibus,
391 1503 477 1529 una
517 1489 686 1541 sphaera
722 1489 814 1528 sine
849 1490 1046 1537 termino,
1084 1505 1215 1543 quam
1257 1493 1333 1532 rivi
1376 1493 1414 1533 ἃ

161 1557 324 1597 fluenta
366 1571 422 1597 ex
462 1557 641 1597 thermis
678 1559 964 1607 scaturientia,
1002 1559 1110 1599 sicut
1145 1560 1335 1601 calentes
1371 1563 1413 1601 in

160 1640 272 1666 novo
297 1625 489 1678 Corpore
504 1640 634 1673 venae,
653 1633 940 1679 pererrarent;
973 1626 1009 1666 δι
1033 1628 1224 1680 undique
1246 1620 1415 1670 roscido

208 1707 258 1751 (lz)
279 1708 352 1741 Aer
369 1707 601 1741 modificatus
620 1708 787 1752 producit
808 1708 958 1750 Sonum,
979 1709 1071 1743 sicut
1090 1711 1221 1744 AEther
1248 1712 1387 1745 Lumen
1406 1726 1413 1754 3

159 1763 211 1796 illi
234 1763 396 1796 dicatum
420 1768 475 1796 est
502 1762 691 1805 Organum
714 1763 883 1805 Auditus,
900 1763 983 1797 huic
1007 1772 1129 1797 autem
1154 1765 1262 1799 Visus
1283 1779 1288 1799 :
1314 1768 1413 1811 quod

159 1819 234 1851 Aer
254 1818 429 1851 aetherem
452 1817 571 1850 modis
596 1817 795 1859 aemuletur,
814 1825 965 1862 apparet
988 1830 1010 1851 a
1036 1820 1134 1853 Sono
1159 1820 1246 1864 ejus,
1265 1822 1326 1866 qui
1351 1834 1414 1867 per

159 1873 276 1907 lineas
294 1879 424 1913 rectas,
436 1872 483 1904 ad
498 1872 650 1905 multam
666 1872 891 1914 distantiam,
907 1873 1000 1907 sicut
1017 1875 1167 1917 Lumen,
1180 1884 1412 1920 propagatur,

161 1929 193 1962 ἃ
211 1938 505 1972 quaquaversum
523 1939 544 1960 a
569 1928 702 1961 centris
726 1935 891 1962 motuum
916 1929 1187 1964 circumfertur:
1214 1938 1291 1966 tum
1315 1934 1413 1977 quod

161 1987 311 2026 uterque
336 1982 503 2015 similiter
527 1982 729 2015 secundum
754 1983 928 2025 angulum
955 1985 1163 2019 incidentiae
1189 1987 1324 2021 resiliat
1351 1997 1413 2022 aut

160 2039 376 2080 reflectatur,
407 2037 439 2071 δε
469 2043 610 2081 premat
637 2038 826 2081 aequaliter
856 2039 1049 2072 introrsum
1082 2040 1113 2074 ἃ
1143 2048 1345 2076 extrorsum
1376 2045 1412 2078 in

160 2094 311 2128 modum
330 2092 499 2138 perennis
518 2092 643 2126 circuli
662 2099 723 2126 aut
741 2093 904 2137 sphaerae.
959 2095 1031 2128 Sed
1049 2097 1147 2139 quod
1165 2098 1238 2131 Aer
1261 2098 1368 2132 simul
1390 2112 1412 2133 a

163 2148 355 2192 Principiis
373 2147 529 2191 passivis
549 2158 611 2180 seu
630 2147 665 2180 vi
688 2149 832 2181 inertioe
848 2149 1012 2192 praeditis
1036 2160 1227 2185 concretus
1252 2154 1307 2195 sit,
1327 2165 1411 2188 con-

161 2210 232 2238 stat
251 2204 297 2237 ab
316 2203 392 2246 ejus
410 2202 606 2236 manifesta
622 2203 811 2246 gravitate,
828 2214 932 2237 secus
951 2216 992 2238 ac
1012 2206 1134 2249 aether‚
1154 2208 1214 2251 qui
1233 2219 1277 2242 ex
1294 2209 1327 2242 vi
1347 2222 1412 2243 sua

160 2270 248 2304 pure
266 2258 396 2301 activa,
411 2257 507 2292 unde
526 2257 603 2301 ejus
621 2257 832 2302 elasticitas,
847 2258 884 2292 id
902 2259 1022 2302 trahit,
1038 2261 1135 2304 quod
1153 2273 1220 2296 nec
1238 2263 1327 2298 levis
1345 2276 1412 2298 nec

161 2314 281 2358 gravis
300 2314 356 2348 sit.
