1783 2760
392 154 470 188 DE
502 153 773 187 JNFANTJA
810 152 1192 188 PRIMOGENJTI.
1373 150 1418 196 63

167 251 328 304 premis
351 249 387 290 &
409 250 584 298 intimis,
603 249 640 290 &
664 249 724 288 sic
741 249 845 288 dum
864 249 907 288 in
924 262 1014 298 suo,
1029 249 1161 289 etiam
1179 249 1222 288 in
1241 248 1415 290 Caelesti

170 318 337 358 Palatio
378 317 580 367 residens,
620 323 776 370 typum
818 330 956 365 suum,
995 330 1069 356 seu
1112 316 1418 365 machinulam,

169 400 341 440 semper
361 387 415 426 ad
438 400 494 434 se,
518 385 555 426 &
575 387 635 425 sic
662 399 808 425 versus
837 385 1069 438 superiora,
1092 384 1259 425 elevare
1290 399 1416 425 cona-

167 455 306 504 batur,
328 467 566 506 omnesque
586 453 731 493 tenelli
755 453 957 505 Corporis
979 453 1120 502 fibras,
1139 453 1341 493 deorsum
1363 454 1418 493 ab

169 523 418 563 accessoriis
460 522 624 563 inertiae
666 521 826 561 viribus
874 522 1103 571 detractas,
1153 529 1200 562 ut
1248 536 1418 561 sursum

170 593 419 641 niterentur,
437 591 600 644 jugiter
621 591 871 644 inspirabat.
933 591 1084 631 Infans
1110 592 1225 631 enim
1255 591 1419 644 reptilis

169 660 311 700 adhuc
332 666 434 709 erat,
457 673 535 700 nec
558 674 582 699 a
604 660 791 700 ferarum
815 660 897 700 ritu
923 660 1150 712 gradiendi
1179 660 1419 708 abludens;

171 728 288 780 quod
320 729 486 769 Anima
523 728 713 769 efflictim
751 728 989 781 indignata,
1024 742 1122 768 eum
1157 729 1201 768 in
1234 729 1420 769 sublime

170 797 332 846 tollere,
351 797 481 849 inque
501 810 602 836 suos
624 797 758 849 pedes
780 797 954 849 erigere,
978 810 1253 850 summopere
1274 797 1422 838 stude-

171 866 272 913 bat;
304 879 434 918 quem
466 865 596 905 finem
626 878 724 905 curn
758 866 1012 912 intenderet,
1047 879 1134 905 non
1165 866 1317 906 deesse
1345 880 1420 919 po-

171 941 314 975 terant
336 935 490 983 media,
508 948 609 974 nam
628 948 684 974 ex
701 935 859 974 artium
877 934 914 974 &
932 935 1210 974 scientiarum
1225 935 1420 975 omnium

173 1004 330 1044 centris
349 1003 386 1043 ἃ
409 1003 554 1055 adytis
573 1003 765 1056 auspicia
782 1016 956 1043 suarum
973 1004 1276 1056 operationum
1294 1003 1421 1056 capit,

175 1072 212 1112 &
236 1072 295 1112 sic
311 1073 366 1112 ad
384 1072 579 1112 omnium
598 1072 747 1111 finium
764 1072 1054 1121 necessitateS,
1070 1078 1234 1111 naturae
1257 1085 1421 1124 operas,

174 1141 366 1194 disponit
383 1155 391 1190 ;
423 1140 522 1181 hinc
538 1141 690 1189 varios,
708 1141 783 1180 sed
801 1140 928 1180 simul
946 1140 1155 1180 amabiles
1167 1140 1423 1180 'machinata

175 1215 240 1250 est
270 1209 417 1259 dolos;
446 1208 569 1249 flexit
600 1209 714 1248 enirn
747 1209 839 1261 ejus
869 1208 1017 1249 oculos
1047 1209 1102 1248 ad
1134 1208 1423 1261 pulcherrima

176 1278 333 1318 editius
355 1292 377 1318 e
399 1278 529 1317 ramis
551 1278 788 1329 pendentia
813 1291 954 1330 poma,
978 1276 1230 1329 inflavitque
1258 1278 1425 1330 cupidi-

176 1352 324 1394 tatem,
342 1353 389 1386 ut
411 1346 485 1386 illa
507 1346 654 1398 digitis
676 1347 763 1386 suis
785 1345 1083 1399 prehenderet,
1100 1345 1269 1386 addidit
1292 1347 1424 1386 etiam

177 1415 381 1455 musculis
408 1415 543 1465 vires;
574 1414 772 1454 similiter
798 1428 991 1454 racemos
1021 1428 1047 1454 a
1070 1415 1157 1454 vite
1187 1428 1265 1454 sua
1296 1414 1425 1455 altius

177 1484 355 1536 positos,
377 1484 452 1523 sed
481 1483 683 1523 deorsum
710 1482 981 1531 fluctuantes,
1005 1483 1264 1523 incendebat
1293 1483 1424 1524 etiarn

178 1553 229 1592 iis
250 1553 451 1592 vescendi
473 1566 678 1599 amorem,
694 1557 741 1592 ut
759 1552 888 1592 ramis
904 1551 1147 1592 adclinatus
1165 1566 1210 1592 se
1227 1553 1269 1591 in
1288 1552 1424 1592 altum

174 1621 370 1673 juvaret:
402 1620 466 1660 his
493 1620 530 1660 ἃ
559 1620 766 1673 parilibus
795 1620 1089 1660 delinimentis
1120 1620 1157 1660 ἃ
1186 1614 1427 1673 quasi'cre—

178 1690 363 1742 pundiis,
378 1689 546 1730 vultum
563 1689 655 1741 ejus
670 1689 725 1729 ab
739 1689 872 1729 humo
887 1689 929 1728 in
945 1689 1129 1729 sublime
1144 1689 1426 1742 prolectabat.

182 1758 387 1799 Caelestes
410 1759 542 1798 etiam
566 1757 692 1798 Genii
716 1757 798 1797 illis
828 1758 1035 1798 Divinam
1064 1771 1187 1798 suam
1217 1758 1427 1811 adjunge-

181 1827 287 1868 bant
318 1826 550 1874 solertiam,
585 1825 622 1865 &
654 1825 765 1866 fictis
797 1839 897 1865 eum
934 1825 1145 1866 ludebant
1180 1826 1218 1866 &
1250 1828 1428 1867 circum-

179 1894 411 1935 veniebant
428 1894 764 1944 allectamentis;
783 1894 874 1947 jam
893 1895 1007 1934 enim
1025 1908 1155 1947 supra
1173 1895 1264 1947 ejus
1281 1895 1429 1936 oculos

181 1962 420 2016 pendulum
450 1963 821 2015 repraesentabant
853 1963 1118 2012 Paradisum,
1145 1964 1361 2016 corymbis
1390 1964 1428 2004 &

181 2032 334 2072 florum
355 2031 536 2080 corollis,
560 2031 653 2083 ejus
674 2031 802 2084 genio
823 2031 1215 2082 adblandientibus,
1239 2033 1430 2073 cinctum

183 2100 221 2141 ἃ
244 2100 494 2140 laciniatum
513 2114 522 2149 ;
549 2100 640 2152 jam
663 2106 809 2140 autem
828 2100 1034 2150 Infantes,
1052 2107 1263 2153 tanquam
1282 2101 1430 2142 frater-

181 2169 311 2218 culos,
337 2175 552 2221 praepetes
581 2168 619 2208 ἃ
648 2168 799 2217 alatos,
823 2182 871 2208 ac
899 2182 1047 2208 versus
1078 2170 1230 2221 ipsum,
1254 2169 1430 2210 ludendi

182 2237 332 2290 gratia,
356 2236 619 2284 devolantes,
643 2237 718 2277 sed
742 2250 847 2277 mox
870 2237 912 2276 in
935 2237 1072 2277 altum
1096 2251 1141 2278 se
1169 2239 1431 2287 attollentes,

184 2319 291 2358 quos
327 2319 424 2346 cum
457 2306 622 2358 insequi
659 2306 878 2356 niteretur,
909 2320 1008 2346 eum
1045 2307 1188 2356 etiam,
1220 2313 1430 2361 tanquam
