1783 2760
452 110 530 144 DE
561 109 759 145 AMORE
790 108 1174 144 PRIMOGENJTJ.
1376 117 1439 152 127

186 216 345 259 nostra,
370 222 445 249 seu
474 208 651 256 Anima,
679 207 781 260 quia
811 220 898 247 non
930 206 1136 259 Corpora,
1159 206 1235 247 sed
1265 206 1440 247 Mentes

187 285 356 319 nostras
378 278 579 325 intuetur,
593 276 860 316 Venustates
878 275 972 315 illas
993 275 1185 328 appellat
1204 275 1439 319 Bonitates.

187 347 226 388 &
261 346 563 399 Jucunditates
599 345 703 385 dicit
740 344 1018 391 Faustitates,
1056 356 1158 383 nam
1197 342 1303 383 nihil
1338 357 1439 384 vere

186 421 417 455 venustum
439 427 542 462 esse,
567 413 716 465 inquit,
734 412 851 465 quod
875 425 960 451 non
985 417 1050 451 est
1071 411 1248 459 bonum,
1273 411 1310 451 ἃ
1334 411 1441 451 nihil

185 496 284 523 vere
313 482 567 535 jucundum,
599 481 716 534 quod
753 494 839 520 non
878 485 944 520 est
976 479 1194 529 faustum;
1231 486 1365 532 utque
1397 480 1440 520 id

185 550 372 600 credam,
407 550 599 603 appellat
635 550 768 590 etiam
804 549 860 589 ad
902 555 1074 588 nostros
1113 549 1329 597 Parentes,
1363 562 1438 589 seu

185 619 426 659 Veritates:
458 618 637 658 ulterius
659 617 790 658 etiam
813 616 1054 666 confirmat,
1073 617 1190 669 quod
1213 616 1319 656 nihil
1340 630 1440 657 vere

186 687 350 727 bonum
373 686 410 727 ἃ
434 686 624 726 faustum
647 699 740 726 esse
763 692 907 739 queat,
929 685 1045 738 quod
1067 698 1154 725 non
1175 685 1317 738 ipsum
1348 685 1440 738 Op-

185 756 342 795 timum
364 754 505 808 effigie
527 754 565 795 &
588 760 686 795 actu
708 754 890 804 referat;
921 767 999 794 nos
1028 754 1126 794 ideo
1157 753 1264 806 Ejus
1294 753 1439 794 icones

185 823 387 877 appellat.
452 823 515 865 Ut
548 822 690 863 adhuc
726 821 880 862 clarius
917 827 1137 875 appareat,
1172 835 1304 874 quam
1339 836 1441 862 con-

182 892 456 944 junctissime
496 891 618 931 unita
657 891 712 930 sit
747 890 854 930 Vita
890 896 1067 939 naturae,
1106 896 1181 930 aut
1215 891 1439 942 quomodo

185 960 278 1003 haec
299 961 492 1013 denupta
514 960 569 999 sit
589 959 632 998 in
649 958 866 998 thalamos
889 958 1021 1010 ipsius
1041 957 1235 1010 Caeli(g),
1259 959 1440 1000 attende

233 1058 289 1102 (g)
319 1058 423 1091 Nihil
452 1057 560 1091 datur
588 1057 625 1090 in
655 1056 841 1091 Universa
872 1055 1026 1098 Natura,
1052 1055 1151 1100 quod
1180 1067 1254 1090 non
1282 1056 1439 1090 formam

187 1124 303 1155 suam,
321 1113 353 1147 δε
371 1113 422 1147 sic
441 1112 603 1156 speciem
622 1112 804 1156 Corporis,
823 1122 845 1144 a
862 1110 1023 1155 quadam
1040 1111 1186 1153 Anima,
1204 1111 1345 1152 trahat;
1371 1122 1439 1146 nec

188 1168 306 1202 solum
342 1167 516 1211 Subjecta
557 1166 677 1210 Regni
717 1166 910 1209 Animalis,
944 1165 1009 1199 sed
1043 1165 1154 1199 etiam
1188 1166 1414 1209 Vegetabilis
1432 1179 1438 1201 :

186 1223 318 1257 horum
335 1223 480 1256 Animae
499 1229 582 1256 sunt
603 1222 715 1264 Usus,
727 1221 774 1255 ab
790 1221 869 1265 ipso
885 1221 996 1262 Caelo,
1011 1220 1103 1254 sicut
1117 1220 1219 1263 fines,
1235 1221 1416 1264 designati
1431 1234 1439 1262 3

187 1279 230 1312 iis
250 1278 483 1313 conformiter
501 1278 561 1311 illa
578 1283 800 1320 generantur
823 1276 855 1310 ἃ
880 1282 1070 1317 crescunt;
1097 1287 1194 1318 nam,
1214 1276 1306 1310 sicut
1330 1287 1439 1321 supra

187 1334 422 1368 observatum
455 1339 520 1375 est,
552 1331 713 1366 Effectus
745 1338 828 1365 sunt
856 1331 968 1365 modo
997 1331 1166 1375 explicati
1198 1331 1311 1374 Usus,
1342 1332 1374 1366 δε
1403 1332 1440 1365 in

187 1395 327 1423 naturae
343 1399 472 1432 gyrum
486 1387 610 1422 emissi
628 1399 634 1421 :
660 1387 696 1420 in
714 1387 840 1420 nostra
857 1393 980 1420 autem
1001 1387 1129 1420 Mente
1149 1387 1251 1420 Usus
1269 1387 1440 1421 dicuntur

188 1442 434 1487 Fines,quiaa
445 1442 550 1475 nobis
564 1441 812 1482 intenduntur,
825 1441 857 1475 ἃ
869 1441 920 1474 sic
933 1440 1060 1475 vivunt
1075 1454 1083 1483 ;
1102 1447 1190 1485 quot
1201 1441 1323 1486 itaque
1336 1441 1439 1484 fines,

186 1506 239 1533 tot
258 1505 341 1532 sunt
360 1505 482 1542 partes
508 1497 710 1532 intuitionis
732 1497 890 1537 Animae,
908 1507 1062 1540 quorum
1085 1497 1229 1540 singuli,
1242 1503 1281 1531 ut
1308 1497 1439 1531 effectu

186 1553 275 1588 fiant
295 1564 394 1595 usus,
415 1553 587 1596 Corporis
612 1552 803 1596 cujusdam
827 1551 987 1596 speciem
1009 1551 1159 1585 induere
1183 1552 1341 1593 debent;
1367 1552 1438 1586 nisi

186 1609 285 1643 enim
303 1602 405 1651 fines,
425 1608 517 1642 sicut
538 1607 691 1650 Animae,
705 1619 770 1651 per
787 1607 1028 1641 induitionem
1048 1607 1230 1651 Corporis,
1245 1607 1282 1640 in
1299 1614 1440 1642 naturae

187 1674 318 1707 gyrum
344 1662 568 1705 emittuntur,
584 1672 818 1706 nequaquam
843 1668 882 1695 ut
910 1661 1010 1695 Usus
1037 1660 1116 1694 sisti
1142 1661 1174 1695 ἃ
1200 1668 1283 1695 actu
1308 1672 1439 1706 reprae-

187 1718 322 1752 sentari
352 1724 498 1762 queunt.
552 1718 644 1750 Haec
669 1717 747 1761 jam
773 1716 866 1750 ratio
891 1723 957 1759 est,
983 1715 1081 1760 quod
1106 1716 1196 1749 nihil
1220 1727 1375 1761 usquam
1403 1717 1439 1750 in

188 1772 332 1806 Natura
356 1779 483 1814 exstet,
509 1771 608 1816 quod
633 1782 707 1805 non
732 1771 911 1814 originem
936 1781 1051 1813 suam,
1073 1777 1135 1804 aut
1160 1770 1334 1814 animam,
1352 1778 1440 1816 typo

187 1826 319 1861 referat
336 1840 344 1868 ;
370 1838 451 1872 quae
469 1827 554 1871 quia
571 1838 593 1860 a
612 1826 712 1860 Caelo
731 1832 796 1868 est,
815 1836 902 1859 nam
919 1836 1048 1860 omnes
1065 1836 1164 1868 usus,
1179 1826 1272 1860 sicut
1289 1826 1440 1869 dictum,

187 1888 272 1916 sunt
289 1881 471 1926 designati
491 1893 512 1915 a
532 1882 632 1915 Caelo
650 1881 752 1924 fines,
770 1880 853 1915 ideo
871 1891 945 1914 non
967 1886 1122 1924 possunt
1146 1892 1220 1915 non
1245 1882 1439 1917 Naturalia

187 1936 220 1970 δε
239 1937 420 1980 Caelestia,
437 1937 556 1981 posito
575 1936 702 1970 ordine
718 1936 877 1980 primum
900 1935 1049 1970 inducto
1073 1947 1136 1970 seu
1160 1936 1438 1981 perfectissimo,

187 1992 280 2026 inter
307 2003 345 2026 se
373 1992 591 2033 convenire;
623 1991 655 2025 δε
682 1991 831 2035 quidem
860 1990 965 2035 adeo,
993 1997 1031 2025 ut
1059 1991 1107 2024 ab
1133 2002 1206 2025 uno
1234 1992 1439 2036 conspicari

187 2047 295 2081 liceat
320 2047 498 2089 alterum3
525 2058 612 2081 nam
639 2047 668 2080 si
696 2046 891 2080 Naturalia
915 2046 1130 2089 evolvimus,
1149 2046 1182 2081 &
1206 2047 1288 2081 loco
1314 2059 1439 2082 eorum

187 2102 465 2136 transcribimus
497 2102 667 2136 Caelestia
698 2112 762 2135 seu
793 2101 1016 2145 Spiritualia,
1046 2101 1227 2145 prodeunt
1256 2103 1440 2138 Veritates

188 2167 378 2200 congruae:
404 2157 497 2191 sicut
514 2168 535 2190 a
548 2157 644 2191 binis
660 2156 848 2200 Exemplis
863 2167 972 2200 supra
987 2156 1242 2190 confirmatum
1254 2157 1440 2197 videatur;

188 2211 320 2254 quibus
337 2211 418 2245 heic
435 2211 546 2246 etiam
564 2222 678 2245 unum
696 2210 906 2255 adjicietur3
933 2210 1037 2253 sicut,
1055 2210 1125 2244 Sol
1138 2214 1191 2244 est
1206 2211 1306 2244 Fons
1322 2213 1442 2245 omnis

188 2266 361 2299 Luminis
377 2266 424 2301 ἐφ’
451 2266 593 2300 caloris
616 2267 655 2300 z'n
677 2277 742 2300 suo
765 2265 923 2310 Mundo,
941 2277 1005 2300 nec
1025 2269 1078 2299 est
1099 2276 1210 2300 causa
1234 2266 1376 2300 Umbrae
1394 2266 1441 2300 (ΞΝ
