1783 2760
465 154 543 188 DE
573 153 774 187 AMORE
806 152 1189 187 PRJMOGENJTJ.
1395 162 1455 186 111

198 253 369 293 illatum
392 258 480 302 est;
511 252 545 291 si
564 251 673 291 alius
691 251 822 291 etiam
841 249 984 290 Amor
1001 249 1237 299 subinfiuit‚
1252 249 1461 290 libramur

198 322 312 361 inter
335 327 596 372 utrumque;
627 319 683 358 ad
713 319 755 359 id
785 319 885 371 quia
915 317 1188 365 reflectimus,
1211 318 1327 370 quod
1357 324 1460 358 tunc

199 390 317 429 cadit
349 390 392 429 in
424 389 549 428 unius
581 394 655 428 aut
687 387 863 427 alterius
893 386 1162 438 obsequium,
1185 386 1227 425 id
1261 392 1457 426 nostrum

200 472 294 498 esse
325 463 542 510 putamus.
603 456 746 495 Amor
777 462 842 495 est
874 455 997 507 quasi
1030 453 1211 507 Auriga,
1243 455 1315 506 qui
1349 455 1460 507 regit

199 526 403 573 habenas,
429 525 466 565 &
489 539 569 564 nos
599 524 850 564 moderatur
876 524 986 563 sicut
1015 523 1182 575 equites
1209 529 1284 562 aut
1312 536 1458 574 equos,

198 595 446 647 caligatque
483 593 667 641 Mentes,
703 592 740 632 &
779 592 903 631 nobis
939 591 1182 644 persuadet,
1221 591 1339 643 quod
1381 604 1460 630 nos

199 663 440 710 sedeamus,
471 668 683 714 tanquam
714 660 928 713 principes
956 666 1031 699 aut
1061 659 1203 708 duces,
1233 660 1275 699 in
1309 672 1459 699 curru:

199 737 285 779 aut,
319 731 352 770 si
388 729 540 777 Amor,
574 729 684 769 sicut
716 729 959 768 succinctus
992 727 1191 776 famulus,
1224 728 1459 780 praecurrit,

199 799 270 839 ille
304 812 384 838 nos
425 799 526 838 loris
566 798 750 847 strictOS,
790 803 999 849 tanquam
1041 797 1221 849 bipedes
1263 810 1459 846 mannos,

199 881 347 907 secum
379 867 516 919 rapit;
549 867 643 919 ipsa
674 865 766 905 haec
799 865 889 905 lora
921 871 1021 904 sunt
1053 871 1201 904 nostra
1234 865 1460 914 desideria,

198 949 296 988 quae
326 949 413 975 non
443 941 543 974 sunt
573 935 652 973 nisi
682 933 958 973 continuatus
987 946 1117 980 amor,
1149 946 1249 972 nam
1280 933 1353 973 illa
1381 947 1460 973 nos

199 1005 417 1051 continuo,
441 1004 551 1043 sicut
581 1002 765 1051 vincula,
789 1003 826 1042 ei
855 1001 1137 1054 conjungunt.
1202 1002 1290 1043 Sed
1319 1002 1462 1042 Amor

200 1086 286 1112 non
315 1072 458 1112 solum
487 1085 565 1111 nos
595 1071 738 1119 trahit,
773 1071 905 1110 etiam
942 1070 1152 1122 impellit3
1184 1071 1225 1109 in
1262 1071 1461 1111 universa

201 1142 357 1181 natura
393 1140 465 1179 ubi
502 1140 669 1187 tractio,
703 1139 760 1178 ibi
792 1139 924 1178 etiam
956 1139 1085 1178 datur
1114 1138 1328 1190 impulsio,
1361 1140 1461 1179 inde

201 1209 350 1249 omnia
373 1206 681 1260 aequilibria(3)
702 1220 710 1246 :
761 1207 913 1246 Timor
934 1212 1000 1246 est
1022 1220 1047 1245 a
1068 1212 1204 1258 tergo,
1227 1207 1299 1258 qui
1322 1214 1458 1259 urget,

200 1291 253 1317 ne
296 1277 388 1329 ejus
430 1282 607 1328 aspectu
650 1275 687 1315 ἃ
730 1275 876 1314 favore
913 1275 1199 1323 excidamus;
1246 1282 1459 1327 quantum

200 1345 316 1385 enim
338 1344 574 1384 faustitatis
595 1344 631 1383 ἃ
649 1343 858 1383 bonitatis
876 1342 918 1382 in
937 1342 1115 1390 Amore,
1132 1348 1304 1382 tantum
1328 1344 1460 1383 etiam

200 1413 466 1453 infelicitatis
501 1426 551 1452 ac
586 1412 808 1451 infortunii
845 1412 887 1450 in
921 1411 1161 1463 privatione
1193 1411 1297 1463 ejus
1331 1412 1460 1464 quod,

197 1482 438 1522 secundum
477 1481 712 1521 essentiam
748 1480 786 1520 ἃ
820 1479 1005 1532 gradum
1039 1481 1210 1529 amoris,
1242 1481 1459 1531 timemus,

247 1595 294 1640 (Z)
325 1596 433 1641 Quod
467 1595 689 1640 AEquilibria
721 1607 764 1630 ex
797 1595 944 1629 actione
974 1595 1006 1629 δε
1036 1595 1223 1630 reactione
1252 1604 1461 1641 exsurgant,

200 1652 371 1696 quodque
396 1651 531 1695 ubique
558 1651 615 1693 sit,
635 1651 818 1694 impulsio,
836 1651 897 1684 ubi
925 1651 1066 1693 tractio,
1084 1650 1122 1684 id
1144 1657 1390 1696 praeterquam
1417 1665 1461 1687 ex

199 1707 454 1751 phaenomenis
473 1714 614 1740 naturae
635 1707 820 1748 Universi,
838 1707 950 1740 etiam
973 1717 1016 1740 ex
1040 1706 1295 1750 phaenomenis
1320 1715 1461 1743 naturae

200 1761 393 1804 Animalis,
412 1761 549 1805 liquide
574 1767 718 1795 constat
737 1773 743 1795 :
769 1761 945 1805 quicquid
968 1761 1065 1794 enim
1089 1772 1162 1803 ore,
1179 1762 1306 1805 bucca,
1325 1763 1460 1807 lingua,

201 1816 233 1850 δε
251 1816 430 1858 faucibus,
449 1816 666 1850 attrahimus
686 1827 749 1850 seu
769 1816 944 1859 sugimus,
963 1816 999 1849 id
1019 1816 1184 1850 similiter
1202 1817 1249 1850 ab
1274 1818 1462 1853 activitate

203 1872 437 1914 Organorum
467 1871 675 1914 impellitur.
726 1871 811 1913 Aer,
842 1871 903 1914 qui
937 1871 1100 1904 Naribus
1128 1871 1160 1904 &
1192 1872 1370 1906 Pulmone
1397 1874 1461 1907 ad-

201 1926 354 1969 ducitur,
373 1926 403 1960 is
430 1937 575 1970 quoque
601 1937 623 1959 a
649 1926 704 1959 sui
732 1926 915 1968 columna,
934 1926 965 1959 Sc
984 1926 1068 1960 inde
1087 1927 1241 1961 oriunda
1260 1929 1462 1972 pressione,

201 1980 403 2014 intruditur.
471 1980 607 2024 Chylus
642 1981 678 2013 in
713 1991 797 2013 suas
831 1991 955 2023 venas,
988 1981 1019 2014 δε
1049 1981 1085 2014 in
1115 1993 1204 2015 vasa
1237 1982 1367 2025 lactea,
1398 1995 1462 2027 per

202 2035 363 2079 speciem
376 2035 564 2078 suctionis,
577 2035 744 2078 allicitur,
756 2035 822 2069 sed
834 2036 927 2069 vires
939 2035 1069 2069 activae
1083 2036 1114 2070 ei
1131 2038 1461 2081 correspondentes

197 2090 332 2134 jugiter
349 2091 462 2124 etiam
481 2091 661 2135 inurgent.
714 2091 871 2134 Sanguis
896 2091 932 2123 in
951 2091 1076 2124 omnia
1094 2092 1258 2135 Viscera,
1278 2104 1299 2125 a
1316 2094 1460 2137 magnis

203 2146 276 2178 suis
295 2146 432 2179 truncis
452 2146 483 2180 &
501 2146 625 2189 ramis,
637 2146 840 2180 secundum
856 2157 1003 2179 omnem
1022 2147 1281 2181 necessitatem
1296 2148 1327 2182 ἃ
1341 2160 1460 2192 usum,

203 2199 385 2243 invitatur,
405 2201 470 2235 sed
489 2201 577 2245 ipsis
595 2201 693 2234 vasis
714 2201 746 2234 δε
763 2201 916 2242 arteriis,
931 2201 1036 2242 inest,
1052 2212 1133 2245 quae
1152 2201 1188 2234 in
1205 2213 1331 2236 eorum
1350 2203 1461 2237 fibras

204 2254 415 2298 infunditur,
445 2256 498 2289 vis
532 2257 755 2300 propulsiva,
785 2267 848 2289 seu
878 2255 1043 2300 ejusdem
1073 2256 1274 2290 incitativa.
1337 2259 1394 2291 Ita
1424 2259 1460 2292 in

204 2311 374 2344 omnibus
400 2311 559 2355 reliquis,
586 2322 654 2345 nec
684 2311 803 2345 solum
828 2311 864 2344 in
891 2310 1168 2355 quantitatibus,
1194 2312 1260 2345 sed
1285 2312 1397 2346 etiam
1424 2313 1460 2346 in
