1783 2760
416 205 494 240 DE
529 204 790 250 CONJUGJO
819 205 1198 240 PRIMOGENJTJ.
1394 213 1429 238 11

188 302 356 343 adscita
376 309 453 352 est,
474 302 655 355 proinde
677 303 719 342 in
741 302 988 343 universum
1016 309 1212 344 nostrum
1245 303 1436 343 Mundu-

188 371 278 412 lum
301 372 565 421 Animalem,
586 377 677 411 tam
700 376 830 411 extus
852 384 983 423 quam
1007 372 1123 412 intus
1142 384 1151 420 ;
1183 371 1288 411 nihil
1318 372 1432 411 enim

189 439 435 479 Essentiale
470 440 512 479 in
548 445 642 479 toto
674 439 866 492 Corpore
899 439 937 479 ἃ
973 439 1066 492 ejus
1100 440 1281 489 Natura,
1303 452 1436 492 quam

187 507 277 548 Vas
310 507 348 548 ἃ
383 507 513 547 Fibra
548 520 646 547 cum
679 521 756 547 suo
785 507 1008 560 Sanguine
1035 507 1072 547 ἃ
1098 507 1273 560 Spiritu,
1297 508 1437 557 datur,

186 576 424 615 secundum
446 575 599 615 horum
621 575 761 615 varias
783 575 1166 615 determinationes
1196 582 1436 628 exsurgunt

187 656 338 684 omnes
361 643 590 695 Organicae
613 643 795 692 Formae,
812 643 1021 692 Fabricae,
1042 650 1117 684 aut
1140 643 1362 692 Texturae,
1380 644 1435 684 ad

186 712 521 764 unumquemvis
543 711 643 751 vitae
665 725 790 751 usum
810 711 846 751 ἃ
866 712 1170 752 necessitatem
1193 712 1435 761 instructae;

185 780 246 820 sic
268 780 371 820 Vita
393 780 572 821 Amoris
596 781 701 821 Caeli
725 782 767 821 in
790 781 1035 821 universum
1066 781 1270 834 Corporis
1302 781 1436 821 nostri

184 855 377 900 systema
399 863 425 889 a
446 850 658 902 supremis
680 850 735 889 ad
758 849 911 889 ultima
933 849 1083 898 influit,
1107 849 1144 889 &
1167 850 1209 889 in
1232 849 1324 902 ejus
1346 863 1436 889 om-

186 916 310 957 nibus
331 918 471 958 omnis
491 918 597 958 vivit
621 918 658 958 81
680 924 844 971 regnat.
908 918 993 957 Hic
1011 917 1103 970 jam
1126 924 1191 958 est
1214 917 1346 966 Ordo,
1360 931 1437 970 per

184 998 313 1037 quem
355 986 617 1035 exstitimus,
659 986 696 1026 ἃ
737 1000 814 1038 per
863 999 994 1039 quem
1037 986 1313 1026 subsistimus
1336 1001 1345 1036 3
1396 986 1434 1027 &

185 1053 394 1106 quamdiu
428 1068 505 1107 per
545 1068 644 1094 eum
685 1055 973 1103 subsistimus,
1013 1055 1181 1095 tamdiu
1222 1060 1435 1107 perpetuo

184 1122 425 1171 existimus,
449 1128 524 1162 aut
555 1123 667 1162 sicut
697 1128 811 1162 natae
843 1136 991 1163 sumus
1016 1129 1229 1175 perpetuo
1251 1124 1436 1163 renasci-

184 1203 290 1238 mur,
326 1196 402 1230 aut
436 1191 547 1231 sicut
586 1191 713 1231 factae
753 1197 963 1243 perpetuo
995 1191 1219 1240 reficimur,
1252 1191 1290 1231 ἃ
1323 1192 1435 1232 sicut

183 1271 395 1298 connexae
416 1258 690 1299 continemur
708 1273 717 1308 ;
740 1259 833 1312 ipsa
850 1259 1010 1299 creatio
1030 1259 1073 1299 in
1096 1260 1220 1300 nobis
1236 1261 1434 1300 continu·

184 1332 290 1375 atur,
313 1326 351 1366 81
374 1327 530 1367 dicitur
549 1328 748 1379 perennis
769 1328 1041 1367 conservatio
1061 1342 1070 1377 ;
1102 1341 1176 1368 seu
1199 1329 1432 1381 integratio

183 1396 382 1447 perennis
417 1396 752 1447 redintegratio;
798 1395 835 1435 ἃ
872 1397 933 1435 sic
969 1402 1228 1448 perpetuum
1264 1397 1434 1449 agimus

184 1463 282 1513 Ver,
306 1470 381 1504 aut
405 1465 588 1504 vivimus
622 1464 765 1504 aetatis
791 1463 970 1515 florem3
1001 1465 1210 1505 Divinum
1242 1466 1357 1505 enim
1389 1465 1432 1505 in

184 1538 333 1572 nostro
373 1533 586 1582 Naturali,
628 1533 666 1573 &
710 1533 895 1574 Caeleste
936 1533 978 1572 in
1015 1539 1164 1574 nostro
1200 1533 1432 1586 Corporeo,

183 1606 362 1653 regnat3
394 1614 496 1641 nam
518 1602 590 1654 qui
622 1601 704 1642 hoc
737 1602 941 1654 Regnum
964 1602 1006 1641 in
1029 1602 1154 1642 nobis
1175 1602 1362 1643 instituit
1383 1616 1433 1643 ac

184 1669 407 1718 instaurat,
429 1676 494 1710 est
517 1670 610 1722 ipsa
634 1670 858 1719 PerfectiO,
881 1671 983 1722 quia
1015 1676 1080 1710 est
1110 1669 1359 1723 Supremus,
1381 1685 1433 1711 ac

181 1743 249 1777 est
270 1737 364 1790 ipsa
388 1738 506 1778 Unio
524 1738 562 1778 ἃ
587 1738 842 1787 Harmonia,
859 1738 960 1790 quia
977 1744 1042 1778 est
1061 1738 1262 1791 Supremi
1280 1738 1432 1779 Amor.

183 1804 334 1845 Status
368 1806 515 1858 itaque
547 1820 623 1858 per
653 1806 768 1846 hunc
798 1807 994 1846 ordinem
1024 1806 1237 1855 inductus,
1260 1812 1336 1856 est,
1358 1808 1432 1860 qui

183 1873 340 1914 dicitur
379 1874 532 1914 Status
562 1874 843 1927 Integritatis,
872 1888 970 1914 cum
1005 1880 1120 1914 statu
1156 1874 1359 1915 Infantiae
1394 1875 1432 1916 ἃ

186 1941 467 1992 Innocentiae‚
515 1942 697 1996 proinde
746 1956 845 1983 cum
897 1942 1030 1983 Statu
1070 1943 1430 1992 Immortalitatis,

185 2009 453 2062 conjunctus.

242 2089 311 2130 92.
345 2066 432 2120 Sed
461 2078 572 2119 hanc
603 2079 714 2119 tanti
747 2079 959 2119 momenti
991 2093 1080 2119 rem
1111 2093 1168 2120 ex
1200 2080 1287 2120 suis
1317 2080 1433 2132 prin-

186 2147 319 2198 cipiis,
343 2161 515 2199 prorsus
544 2147 599 2187 ad
631 2160 821 2197 sensum,
843 2147 1118 2199 evolvamus3
1148 2161 1297 2188 verum
1329 2154 1433 2188 tunc

187 2214 303 2267 ipsos
324 2215 532 2255 emissiles
555 2215 699 2255 radios
721 2216 851 2255 trium
873 2217 1182 2269 principiorum
1210 2229 1432 2268 compare-

188 2296 283 2322 mus
314 2296 412 2323 cum
444 2284 683 2336 purissimis
715 2283 845 2333 fibris,
865 2285 1041 2325 tametsi
1076 2298 1164 2325 non
1197 2283 1325 2334 fibrae,
1350 2284 1431 2324 nisi

188 2365 265 2404 per
295 2351 540 2405 analogiam
572 2359 647 2394 aut
678 2353 973 2402 eminentiam,
1001 2353 1197 2394 dicendae
1228 2353 1325 2402 sint,
1355 2353 1432 2393 sed
