1835 2672
315 139 360 173 66
528 139 711 174 CAPUT
739 139 1058 184 SECUNDUM,
1095 139 1290 174 SECTJO
1323 139 1375 173 II.

316 251 362 277 se
383 237 594 290 disjicere,
612 237 853 288 nitebatur;
883 238 959 278 sed
982 237 1188 278 obstabat
1210 237 1446 277 necessitas
1462 236 1581 287 finis;

317 307 434 359 quod
458 306 624 346 Anima
647 307 689 346 in
713 320 770 355 se,
786 307 962 346 tametsi
986 320 1073 346 non
1096 321 1121 346 a
1143 320 1199 355 se,
1216 306 1292 346 sed
1315 319 1340 345 a
1363 305 1580 358 Supremo

319 375 525 424 Numine,
557 376 872 428 appercipiens,
905 375 1010 415 nihil
1052 376 1181 428 priuS,
1215 388 1347 427 quam
1382 375 1580 414 Mentem

317 445 553 498 quandam,
581 458 678 497 quae
707 458 763 484 ex
795 443 1027 484 affectione
1056 444 1159 484 boni
1188 442 1582 496 comprehenderet

316 527 480 561 verum,
499 513 536 553 &
558 527 614 553 ex
633 512 856 552 intellectu
875 513 961 552 veri
981 513 1247 553 desideraret
1270 513 1446 560 bonum,
1463 525 1582 564 quae-

318 596 402 634 que
425 581 627 623 Caelestia
650 581 935 633 conjungeret
957 581 1243 629 terrestribus,
1260 594 1309 621 ac
1333 587 1516 633 utraque
1538 581 1581 620 in

317 665 373 698 se,
396 652 506 690 sicut
535 651 699 690 trutina
729 650 932 696 bilances,
952 649 1069 702 juste
1098 649 1286 699 libraret,
1310 650 1352 689 in
1384 650 1580 690 votivum

318 734 444 760 suum
470 720 711 772 Olympum
736 718 901 768 inferre,
925 719 1094 759 avebat.

373 789 440 839 46.
473 789 651 835 Anima,
676 794 722 827 ut
745 787 856 828 hanc
881 788 1092 837 Mentem,
1110 788 1249 827 vicem
1271 787 1336 827 sui
1359 787 1402 827 in
1424 788 1582 840 Regno

319 857 524 910 Corporis
561 857 791 904 obituram,
823 857 1050 905 excitaret,
1082 869 1168 895 non
1206 870 1329 896 secus
1365 870 1416 896 ac
1449 856 1583 896 Ludi-

320 926 530 978 magistra
555 925 744 966 Oculum
767 925 1021 973 instruebat,
1041 938 1117 977 per
1138 938 1267 977 quem
1292 925 1461 965 Natura
1483 938 1582 964 cum

318 995 381 1034 sui
414 995 613 1034 Luminis
644 994 883 1034 modificati
912 993 1044 1033 radiis
1074 993 1299 1041 influeret;
1332 993 1454 1035 illum
1483 993 1583 1033 ideo

319 1064 373 1102 ad
396 1069 604 1103 venustas
623 1063 660 1103 &
678 1063 787 1103 visui
806 1063 1104 1102 lenocinantes
1123 1062 1298 1111 formas,
1314 1063 1583 1104 obvertebat.

320 1131 431 1172 Cum
456 1131 606 1171 Infans
629 1132 771 1173 adhuc
795 1137 980 1185 reptatu,
1003 1132 1115 1172 sicut
1144 1138 1270 1172 terrae
1296 1132 1467 1181 vermis,
1489 1145 1584 1171 um-

318 1200 440 1240 bram
471 1214 560 1240 suae
589 1201 691 1240 vitae
719 1207 879 1253 ageret,
907 1206 1010 1240 tunc
1039 1199 1216 1249 Anima,
1241 1200 1412 1240 elevata
1441 1200 1583 1240 fronte

319 1269 356 1308 ἃ
387 1269 608 1322 palpebra,
638 1269 816 1322 plenum
849 1269 942 1321 ejus
973 1270 1113 1309 visum
1146 1269 1188 1308 in
1222 1269 1350 1309 rutila
1383 1269 1421 1309 &
1452 1282 1584 1309 amae-

319 1338 497 1377 nissima
521 1337 673 1377 floreta
704 1338 969 1386 effundebat,
993 1344 1041 1378 ut
1068 1338 1196 1378 simul
1227 1338 1265 1378 ἃ
1294 1351 1382 1378 uno
1411 1337 1583 1388 haustu,

319 1408 508 1460 partium
546 1407 951 1446 communissimam
990 1407 1133 1447 ideam
1172 1407 1422 1447 induceret:
1464 1413 1583 1460 post-

320 1476 499 1516 modum
522 1475 812 1527 sphaeristeria
836 1476 919 1515 ista
947 1475 1002 1516 ad
1030 1475 1269 1528 peculiares
1298 1475 1453 1516 florum
1486 1489 1584 1528 spe-

320 1546 405 1584 cies
418 1544 1120 1596 dirigebat,caetera‚circumjectis
1135 1544 1258 1597 quasi
1272 1544 1390 1594 velis,
1401 1557 1454 1584 ne
1468 1544 1584 1584 visus

321 1615 363 1652 in
385 1614 686 1653 communiora
710 1620 977 1666 evagaretur,
1002 1613 1167 1663 celans;
1199 1613 1236 1653 δι
1259 1613 1439 1653 demum
1461 1613 1583 1653 illum

320 1684 361 1722 in
385 1683 551 1735 aliquot
570 1682 607 1722 ἃς
626 1682 860 1722 individuis
880 1681 1069 1722 flosculis
1086 1681 1227 1721 fixum
1245 1682 1584 1732 concentrabat;

319 1751 447 1791 simul
480 1751 612 1790 etiam
646 1750 979 1803 pulchritudinis
1010 1764 1159 1790 eorum
1193 1751 1503 1799 amaenitatem,
1526 1764 1585 1791 ex

321 1819 468 1858 afflarat
500 1833 674 1871 quoque
707 1818 852 1858 odoris
884 1818 1126 1867 dulcedine,
1151 1819 1402 1871 inspirabat,
1430 1825 1478 1860 ut
1510 1833 1585 1860 eos

321 1902 452 1927 manu
490 1887 736 1940 prehensos,
771 1888 807 1927 Sc
837 1887 1012 1927 naribus
1045 1889 1262 1937 admotos,
1294 1888 1472 1940 propius
1499 1887 1584 1927 lus-

320 1962 465 1996 traret.
511 1956 578 1995 Ita
600 1970 757 1995 novam
783 1957 910 1995 istam
931 1956 1140 2005 Mentem,
1157 1970 1255 2009 quae
1276 1955 1584 1996 intellectualis

321 2025 465 2065 futura
503 2031 627 2072 esset,
664 2038 838 2076 prorsus
875 2026 1115 2065 secundum
1148 2025 1292 2065 ideam
1327 2024 1583 2074 Creationis,

322 2094 508 2135 condere
538 2094 731 2146 ingressa
761 2100 838 2143 est,
862 2093 1023 2134 scilicet
1053 2099 1100 2133 ut
1129 2093 1277 2133 omnia
1305 2092 1435 2133 simul
1465 2107 1584 2134 com-

321 2164 465 2216 plexa,
490 2163 601 2202 sicut
632 2163 673 2201 in
704 2176 847 2211 ovum,
878 2163 965 2202 cito
996 2162 1201 2214 injiceret,
1226 2162 1268 2202 in
1297 2175 1385 2214 quo
1413 2168 1584 2212 caetera,

322 2232 561 2272 successive
584 2245 660 2284 per
681 2232 834 2271 seriem
857 2231 1086 2280 insinuata,
1104 2231 1401 2284 distingueret,
1421 2230 1458 2271 ἃ
1482 2231 1583 2271 dein

322 2301 574 2355 explicaret.
638 2300 748 2341 Cum
779 2306 926 2340 autem
959 2299 1155 2341 Puellum
1184 2313 1324 2350 suum,
1347 2300 1402 2340 ab
1430 2299 1583 2341 humili
