1835 2672
339 202 384 227 20
592 192 776 228 CAPUT
804 193 1043 237 PRIMUM,
1079 192 1274 227 SECTJO
1307 192 1361 227 II.

339 291 578 332 luminibus
590 292 690 341 suis,
706 292 1040 341 noctu,dubiam
1056 291 1379 332 submovebant
1393 289 1606 340 umbram,

341 359 377 401 &
393 367 605 414 tanquam
621 363 830 402 continuo
848 361 1274 414 fulgoreterrestrem
1290 359 1608 400 collustrabant

339 429 522 479 discum,
557 430 762 483 ipsasque
802 429 1141 484 Atmosphaeras
1181 430 1237 469 ad
1281 442 1388 469 mox
1430 428 1608 468 orientis

341 498 454 540 Solis
476 498 641 539 calores
663 498 866 539 habiliori
888 500 985 539 sinu
1015 498 1299 551 recipiendos,
1323 497 1608 550 adaptabant.

340 566 553 608 Similiter
593 568 725 608 etiam
769 568 910 617 Luna,
951 581 1050 620 quae
1088 567 1180 620 jam
1227 567 1403 620 propior
1447 566 1610 619 magna

338 635 448 676 facie
478 636 668 690 ingentis
703 636 818 678 Solis
848 635 1019 676 vultum
1049 636 1251 689 suscepit,
1280 635 1317 676 ἃς
1348 649 1426 688 per
1455 633 1608 675 reflexi

339 704 515 744 luminis
565 705 749 757 copiam,
803 705 842 746 &
894 704 1124 752 influxum,
1177 704 1370 744 mediam
1421 703 1609 744 Telluris

339 773 569 827 sphaeram,
597 774 653 814 ad
680 773 773 826 jam
803 774 1025 814 redeuntis
1057 773 1172 815 Solis
1204 773 1370 814 calidos
1396 772 1610 812 ineundos

339 842 466 890 fotus,
490 843 774 883 instaurabat.
840 843 943 896 Ipsa
974 843 1180 896 proxima
1208 842 1507 894 Atmosplzoera
1533 854 1608 881 seu

339 911 443 960 Aer,
467 918 559 951 tam
588 912 767 964 copioso
797 910 972 960 lumine,
998 910 1036 951 ἃ
1066 911 1244 951 alternis
1276 910 1419 951 calore
1451 911 1609 959 excita,

341 980 378 1021 &
396 980 525 1020 simul
545 980 758 1020 faecundis
775 993 797 1020 e
813 980 981 1032 gremio
998 980 1185 1020 Telluris
1204 979 1424 1020 exhalatis
1441 979 1610 1019 roribus

339 1048 620 1102 intepefacta,
643 1049 940 1101 gratissimam
962 1049 1160 1102 spirabat
1176 1049 1459 1102 temperiem;
1490 1046 1610 1088 nulla

339 1118 484 1158 adhuc
506 1118 647 1158 rabies
668 1124 815 1167 vento,
837 1117 982 1158 nullus
1011 1117 1154 1158 adhuc
1185 1118 1348 1160 Caesias
1380 1117 1418 1158 &
1448 1117 1610 1157 Boreas

339 1186 584 1240 procelloso
636 1187 808 1227 turbine
859 1200 1010 1227 auram
1059 1186 1361 1240 quassabant3
1422 1186 1609 1226 necdum

340 1255 556 1296 nubecula
573 1255 687 1297 Solis
704 1254 998 1309 Siderumque
1015 1255 1609 1308 Splendoresintercipiebat;

339 1325 415 1364 sed
439 1338 591 1364 serena
614 1330 706 1364 erat
726 1324 871 1372 facies,
895 1324 932 1365 ἃ
957 1325 1089 1364 modo
1118 1324 1301 1365 Favonii
1332 1323 1610 1377 Zephyrique

339 1393 512 1434 blandis
548 1393 636 1432 suis
671 1392 818 1433 flabris
854 1407 1076 1433 murmura
1116 1399 1347 1433 ventorum
1382 1392 1610 1433 sedabant.

341 1463 444 1516 Ipsa
467 1475 643 1515 quoque
671 1461 814 1501 Tellus
837 1468 904 1502 tot
933 1462 1305 1502 adblandimentis
1334 1460 1609 1509 circumfusa,

339 1545 388 1571 ac
428 1531 471 1570 in
513 1544 559 1570 se
600 1544 625 1570 a
661 1530 889 1584 superficie
926 1531 981 1570 ad
1020 1531 1155 1570 imum
1193 1530 1348 1570 leniter
1384 1529 1611 1584 calefacta,

339 1599 552 1639 reddebat
585 1599 713 1648 vices,
748 1599 785 1639 &
823 1599 901 1639 has
937 1599 1136 1640 vernales
1174 1599 1404 1639 influentes
1437 1598 1610 1638 delitias

339 1668 516 1720 gremiis
538 1668 626 1707 suis
649 1666 918 1719 amplexata,
942 1667 984 1706 in
1007 1667 1126 1707 sinus
1153 1665 1379 1719 hospitum
1408 1666 1611 1706 refunde-

342 1737 429 1776 bat.
493 1736 563 1776 Ita
590 1736 646 1776 ad
680 1742 900 1776 recentem
933 1735 1047 1776 hanc
1078 1735 1313 1786 Tellurem,
1335 1741 1384 1776 ut
1403 1735 1458 1775 ad
1481 1747 1609 1775 suum

343 1806 565 1853 Centrum,
583 1818 682 1844 cum
706 1811 919 1858 perpetuo
937 1805 1131 1857 quodam
1148 1805 1275 1854 Vere,
1290 1811 1434 1845 totum
1456 1804 1610 1845 credas

341 1874 619 1915 descendisse
636 1873 817 1922 Caelum,
831 1873 868 1913 δι
884 1873 921 1913 ei
936 1879 1148 1926 tanquam
1163 1874 1303 1924 unico,
1321 1873 1387 1914 cui
1403 1873 1610 1923 faverent,

340 1943 526 1995 objecto,
550 1941 845 1994 gratificatum
869 1956 974 1983 esse.

404 2013 463 2052 18.
499 2011 562 2052 Ut
585 2024 737 2050 omnes
764 2011 967 2051 Universi
990 2017 1157 2052 naturae
1181 2025 1262 2052 sua
1290 2016 1609 2064 congregarent

339 2080 515 2127 auxilia,
541 2079 578 2119 ἃ
611 2079 857 2119 conferrent
890 2094 1007 2133 ope&
1032 2081 1088 2121 ad
1121 2079 1209 2120 tale
1240 2079 1607 2120 introducendum

340 2149 442 2197 Ver,
478 2154 582 2188 ante
621 2147 735 2190 Solis
773 2147 811 2188 ἃ
852 2148 1124 2202 Temporum
1166 2154 1322 2198 ortum,
1358 2149 1401 2188 id
1439 2155 1515 2197 est,
1551 2148 1609 2188 ab

339 2224 516 2265 aetern0‚
554 2218 781 2256 decretum
824 2218 1133 2270 provisumque
1170 2224 1248 2267 est,
1284 2218 1341 2258 ob
1377 2217 1522 2265 finem,
1561 2223 1608 2257 ut

341 2285 522 2327 Semina
553 2284 590 2325 &
624 2284 730 2334 Ova,
764 2299 861 2338 quae
893 2287 1088 2338 virginea
1118 2286 1268 2327 Tellus
1295 2285 1388 2338 jam
1422 2286 1607 2339 castiga-

339 2355 509 2395 tissimo
541 2368 619 2394 suo
650 2360 773 2394 utero
804 2355 1019 2408 gestabat,
1044 2369 1131 2395 non
1165 2355 1307 2396 solum
1337 2354 1606 2404 excluderet,
