1783 2760
457 157 536 194 DE
566 159 766 195 AMORE
797 159 1185 194 PRMsOGENJTJ.
1391 170 1454 204 133

200 258 375 300 Curiam
407 257 569 307 ordine,
601 256 843 297 secundum
879 256 1049 297 illarum
1085 257 1266 307 animos,
1297 257 1455 311 lepido,

195 327 411 380 gregatim
443 326 661 366 irruebant
679 339 688 375 ;
722 325 760 366 &
792 338 911 373 mOX,
934 331 983 365 ut
1014 325 1248 375 intrabant,
1271 326 1455 367 lucernis

196 395 283 435 suis
306 395 565 447 investigare
586 400 825 447 coeperunt,
847 393 1026 434 ubinam
1048 399 1194 434 essent
1219 408 1309 434 suae
1338 394 1455 435 herae

196 462 448 516 Sapientiae,
468 475 570 503 nam
591 476 664 503 eas
686 462 849 502 lumine
870 461 953 502 isto
982 475 1069 502 non
1099 468 1337 514 potuerunt
1366 476 1453 503 cer-

196 545 298 572 nere
314 545 323 582 ;
365 544 549 584 cumque
578 536 742 571 temere
770 529 866 570 illas
897 530 1252 583 perquisivissent
1272 530 1333 583 (i),
1358 536 1455 571 tan-

194 613 327 653 quam
341 599 445 640 solae
460 600 539 639 sibi
555 599 671 647 visae,
688 598 725 639 δι
739 612 817 639 suo
835 598 965 652 genio
983 598 1156 648 relictae,
1174 600 1285 639 inter
1304 613 1350 639 se
1367 599 1454 640 ala-

194 669 322 709 criter
352 668 617 722 incipiebant
644 667 899 720 disceptare,
924 667 961 708 &
994 667 1118 720 quasi
1145 667 1323 720 judicio,
1344 668 1455 708 sicut

193 737 245 777 iis
259 737 499 786 videbatur,
514 736 759 789 confligere,
774 749 878 776 num
897 735 979 776 hoc
995 742 1110 776 esset
1129 735 1452 789 Sapientiarum

193 820 369 847 suarum
400 806 697 856 domicilium;
730 805 935 858 quaedam
969 805 1234 853 asserebant,
1261 805 1358 846 aliae
1390 806 1452 845 in-

194 875 438 925 firmabant,
449 875 486 915 &
501 874 645 928 plures
660 874 922 915 consociatae
935 874 1144 914 volebant
1157 888 1214 914 ex
1228 874 1452 924 arbitram,

193 944 231 985 &
252 943 446 997 irnperio,
467 944 579 983 sicut
599 955 814 995 supremae
845 942 1167 995 Intelligentiae,
1187 943 1451 983 sententiam

191 1012 499 1065 pronuntiare;
563 1011 801 1064 Sapientiae
843 1011 949 1059 istae,
994 1010 1257 1060 dictitantes,
1300 1011 1452 1053 nullibi

192 1087 304 1130 sunt,
324 1094 482 1122 vacuas
512 1079 592 1120 has
622 1093 886 1133 occupemus
914 1079 1040 1119 sedes
1057 1094 1066 1130 ;
1099 1079 1293 1120 fortassis
1321 1080 1452 1121 larvae

192 1155 303 1198 sunt,
335 1162 433 1201 quae
465 1148 520 1189 ad
552 1149 741 1201 primum
775 1148 910 1188 nostri
943 1148 1119 1188 luminis
1150 1154 1375 1201 aspectum
1408 1149 1451 1189 in

192 1231 336 1258 aerem
359 1217 535 1257 evolant
552 1231 561 1267 ;
591 1216 786 1257 fruamur
803 1222 951 1256 nostro
969 1216 1159 1265 arbitrio,
1179 1230 1281 1257 nam
1304 1217 1451 1258 liberae

192 1299 366 1336 sumus;
399 1285 475 1326 sed
501 1284 606 1338 quid
636 1290 702 1325 est
735 1284 986 1337 Sapientia!
1018 1284 1312 1337 adjiciebant;
1345 1286 1450 1338 quid

190 1360 256 1394 est
290 1353 480 1394 Anima!
514 1367 571 1394 ex
602 1354 690 1406 qua
722 1366 770 1393 se
804 1353 957 1393 dicunt
991 1354 1188 1406 genitas;
1220 1354 1309 1393 imo
1343 1354 1449 1407 quid

189 1422 320 1463 Vita!
364 1422 402 1463 &
438 1421 543 1475 quid
579 1421 661 1462 iste
696 1420 864 1462 Amor!
911 1421 984 1474 qui
1026 1435 1157 1462 omne
1197 1421 1279 1462 fert
1315 1436 1450 1475 punc-

190 1497 285 1532 tum
308 1491 350 1530 in
373 1504 520 1531 earum
543 1489 726 1542 loquelis
745 1503 754 1530 ε
786 1489 965 1530 ubinam
984 1495 1049 1530 est
1065 1490 1206 1531 Focus
1223 1490 1294 1531 ille
1316 1504 1447 1541 sacer,

190 1573 270 1600 nec
298 1559 369 1600 ille
394 1559 437 1599 in
465 1558 547 1599 hac
577 1558 719 1608 Curia,
745 1558 854 1598 sicut
885 1564 1108 1598 narratum
1141 1565 1218 1609 est,
1240 1566 1423 1619 apparet
1439 1574 1448 1610 ;

191 1628 482 1669 accendamus
517 1627 660 1668 adhuc
695 1627 840 1680 plures
880 1627 1073 1680 lychnos,
1110 1627 1148 1668 ἃ
1190 1627 1449 1668 lustremus:

191 1697 268 1738 sed
309 1697 410 1738 inde
445 1702 541 1737 orta
577 1702 642 1737 est
677 1695 916 1745 altercatio,
950 1710 1048 1749 quae
1085 1710 1233 1750 pugna
1267 1710 1368 1737 cum
1405 1697 1448 1736 in

190 1766 452 1806 seditionem
481 1771 687 1818 vergeret,
711 1765 879 1806 Anima
908 1778 965 1805 ex
994 1765 1151 1817 Adyto
1180 1779 1259 1806 suo
1291 1766 1449 1807 excita,

191 1848 293 1875 nam
339 1835 450 1875 sicut
494 1834 662 1886 vertigo
708 1833 843 1874 oculis
894 1833 986 1886 ejus
1036 1834 1256 1874 obversari
1303 1835 1449 1888 coepit,

191 1904 343 1957 irrupit
371 1903 413 1944 in
445 1903 705 1952 Sacrarium,
739 1901 777 1943 ἃ.
810 1902 1081 1943 inconditam
1113 1902 1233 1943 illam
1263 1904 1449 1952 turbam,

238 2042 284 2087 (i)
314 2043 442 2087 Qualis
467 2043 575 2077 turba
600 2043 646 2078 sit
672 2043 821 2085 Mentis,
849 2042 880 2077 si
908 2042 1008 2078 Ideae
1033 2054 1108 2077 non
1134 2043 1298 2078 invitatae
1324 2043 1450 2082 {irum-

191 2104 329 2143 perent‚
343 2108 387 2132 ex
404 2109 573 2133 sermone
590 2104 716 2132 nostro
735 2098 824 2132 satis
838 2104 1010 2142 apparet3
1037 2110 1124 2132 nam
1138 2099 1238 2144 quod
1255 2103 1450 2147 loquimur,

192 2165 237 2189 ex
255 2155 382 2188 Mente
400 2154 525 2189 defluit
542 2167 549 2188 :
575 2165 620 2189 ex
638 2164 805 2188 sermone
823 2153 943 2188 elucet
961 2153 1039 2198 ejus
1058 2160 1186 2201 stat-ds,
1202 2169 1291 2191 num
1309 2158 1451 2192 scilicet

191 2219 236 2243 ex
258 2208 451 2243 intuitione
478 2209 624 2243 Finium
652 2208 898 2251 Naturalium,
918 2219 979 2243 seu·
1011 2208 1274 2256 *piritualiunn
1293 2213 1393 2257 agit3
1420 2213 1450 2247 si

192 2263 310 2297 solum
324 2274 367 2297 ex
383 2264 628 2308 Naturalium,
643 2265 819 2299 indicium
833 2269 900 2309 est,
914 2266 1014 2311 quod
1034 2267 1133 2301 Ideae
1150 2267 1230 2302 istae
1248 2268 1449 2302 invaserint

193 2317 352 2361 Curiam,
370 2328 413 2353 ac
431 2324 580 2354 teneant
595 2320 750 2354 clavum.
