1835 2672
366 172 405 206 18
615 170 799 206 CAPUT
825 171 1063 215 PRIMUM,
1099 171 1296 207 SECTIO
1327 171 1381 207 II.

359 269 583 324 ampliatis
596 269 760 324 jugiter
776 284 802 311 a
818 275 943 324 tergo
961 271 1124 324 spatiis,
1143 270 1353 311 continuo
1371 269 1626 320 elaberetur,

360 340 492 392 inque
526 340 615 380 suis
651 339 796 379 Annis
828 345 1053 389 cresceret,
1086 339 1268 380 tandem
1298 339 1539 379 successive
1570 338 1627 379 ad

359 409 549 462 primum
581 408 726 448 aetatis
757 421 848 448 suae
880 407 1031 448 florem
1063 408 1359 461 perveniebat,
1381 407 1545 448 scilicet
1569 407 1627 448 ad

359 477 480 517 illam
503 476 701 517 curriculi
723 476 789 516 sui
812 483 989 527 metam,
1011 491 1087 517 seu
1112 477 1303 530 primum
1326 476 1532 525 stadium,
1552 475 1627 516 ubi

359 546 512 586 Annui
545 545 639 598 ejus
669 546 776 598 gyri,
807 559 894 585 non
927 546 1141 586 contracti
1172 559 1252 586 nec
1284 545 1456 585 extensi
1487 545 1627 594 nimis,

360 615 555 655 medium
573 614 801 667 quoddam
819 620 1039 665 tenerent;
1062 615 1241 668 quando
1258 614 1423 654 scilicet
1440 619 1629 666 quatuor

359 684 480 724 Anni
509 690 710 736 tempora
738 697 785 723 se
813 689 967 724 mutuo
995 690 1087 724 tam
1117 689 1236 723 arcte
1264 688 1524 736 premerent,
1552 688 1628 722 aut

359 767 437 793 sua
467 753 735 804 corriperent
766 753 922 805 spatia,
954 758 1002 793 ut
1034 765 1170 792 unum
1207 752 1251 792 in
1288 752 1486 800 alterum,
1516 751 1629 791 sicut

359 828 454 862 rota
490 834 676 870 currenS,
706 835 752 861 se
787 821 875 861 cito
910 827 1110 869 verteret,
1142 820 1180 861 8:
1217 820 1501 873 subrogaret;
1551 833 1627 860 seu

359 890 465 930 dum
481 890 611 930 breve
625 890 716 931 Ver
729 890 953 943 exciperet
967 889 1187 943 perbrevis
1200 889 1363 938 AEstaS,
1374 888 1411 929 ἃ
1426 894 1627 929 aestatem

359 959 473 999 celer
505 958 774 1007 Autumnus,
808 958 846 999 &
881 958 998 998 hunc
1029 958 1187 998 iterum
1222 958 1406 1011 Hyems,
1440 971 1541 1010 quae
1570 957 1626 998 ad

359 1027 449 1068 Ver
483 1041 622 1077 suum,
659 1041 798 1080 nuper
834 1026 1045 1075 relictum,
1082 1027 1271 1067 necdum
1309 1027 1527 1076 abactum,
1563 1039 1628 1066 re-

360 1098 539 1137 duceret
573 1096 786 1136 Annum:
831 1096 893 1137 sic
929 1102 1144 1148 quaterna
1180 1095 1403 1148 Tempora
1438 1095 1551 1135 inter
1582 1108 1628 1135 se

359 1166 579 1215 distincta,
609 1179 688 1218 per
715 1166 826 1205 citos
856 1165 1049 1205 influxus
1079 1164 1257 1205 alterius
1286 1165 1329 1204 in
1357 1163 1556 1213 alterum,
1583 1164 1627 1204 in

359 1248 492 1275 unum
509 1235 735 1287 quoddam
750 1234 958 1287 Tempus,
976 1234 1224 1274 PERPETUI
1237 1234 1392 1274 VERIS
1407 1233 1627 1282 aemulum,

357 1304 547 1345 coibant.
589 1303 706 1343 Nam
728 1303 772 1342 in
793 1308 884 1342 tam
908 1302 1144 1342 contractis
1167 1302 1287 1342 Anni
1311 1302 1474 1355 spatiis,
1496 1301 1629 1343 Calor

359 1372 508 1420 Sirius,
544 1385 619 1412 seu
649 1371 847 1420 AEstatis‚
882 1384 969 1410 non
999 1371 1143 1423 potuit
1174 1371 1405 1411 incendere
1434 1370 1472 1411 ἃ
1501 1384 1628 1410 exas-

358 1455 509 1494 perare
530 1446 728 1493 teporem
749 1440 887 1489 Veris,
911 1453 990 1480 nec
1012 1439 1127 1479 hunc
1154 1439 1328 1479 abolere
1358 1439 1627 1482 Autumnus,

359 1512 503 1550 minus
544 1515 753 1549 excutere
797 1508 998 1561 Hyems;
1045 1508 1122 1548 sed
1163 1522 1299 1548 unum
1344 1508 1477 1548 modo
1520 1508 1626 1548 alte-

359 1593 453 1618 rum
483 1583 609 1631 grata
630 1578 843 1618 varietate
873 1576 911 1617 &
941 1576 1302 1629 interpellatione,
1325 1577 1627 1630 temperabat:

360 1647 596 1689 Cunctatio
618 1646 734 1686 enim
757 1645 794 1686 ἃ
819 1659 951 1695 mora,
972 1645 1226 1698 cumprimis
1245 1646 1434 1698 Frigoris
1459 1645 1496 1685 ἃ
1517 1645 1628 1686 Um-

358 1717 458 1765 brae,
494 1722 570 1764 est,
604 1729 702 1768 quae
734 1715 904 1755 tristem
938 1715 1066 1754 rebus
1100 1714 1256 1754 faciem
1289 1715 1482 1762 inducit3
1514 1714 1628 1754 celer

358 1792 505 1825 autem
530 1797 738 1833 recursus,
763 1790 839 1823 aut
861 1784 946 1823 cita
977 1783 1222 1834 alternatio,
1245 1797 1344 1824 eum
1374 1784 1564 1832 discutit,
1587 1783 1625 1823 ἃ

359 1855 400 1894 in
425 1853 702 1893 amaenitates
723 1853 873 1893 vertit:
897 1853 956 1892 ita
975 1866 1032 1892 ex
1055 1852 1272 1905 contiguis
1293 1866 1426 1892 unum
1450 1851 1626 1892 simula-

358 1923 487 1963 batur
519 1922 785 1970 continuum,
820 1935 893 1961 seu
926 1921 1102 1962 vernale
1139 1922 1363 1974 quoddam
1400 1922 1569 1970 sudum,
1601 1934 1626 1960 a

354 1991 550 2044 jucundo
582 1990 752 2043 frigoris
784 1991 965 2043 allapsu,
989 1989 1356 2044 temperatun1(z).
1419 1989 1629 2031 Similiter

407 2120 449 2163 (i)
480 2120 588 2164 Quod
614 2131 679 2164 per
705 2120 841 2154 celeres
868 2131 1038 2154 versuras
1064 2126 1286 2164 temporum,
1304 2119 1427 2154 media
1453 2119 1626 2164 quaedam

359 2176 566 2219 temperies,
595 2175 680 2210 Veri
706 2175 961 2218 assimilanda,
988 2175 1193 2219 inducatur,
1219 2175 1374 2220 quisque
1401 2175 1627 2209 documento

358 2231 511 2276 experiri
530 2236 662 2275 potest,
681 2241 746 2275 per
763 2231 1086 2264 Thermometrum
1105 2230 1269 2274 cylindro
1293 2229 1442 2264 cuidam
1465 2229 1628 2274 affixum,

360 2288 393 2321 ἃ
410 2287 548 2321 circum
566 2285 758 2320 ardentem
777 2286 900 2319 focum
918 2292 1084 2330 tempore
1102 2286 1236 2320 intensi
1257 2285 1414 2329 frigoris,
1432 2285 1480 2319 ad
1504 2285 1625 2319 varias

361 2342 569 2385 distantias,
598 2341 631 2375 ἃ
661 2341 762 2375 varia
792 2341 990 2384 celeritate,
1015 2341 1306 2382 circumactum3
1344 2340 1432 2374 dum
1460 2340 1559 2374 enim
1589 2340 1624 2374 in
