1835 2672
416 133 459 176 38
821 133 963 168 PARS
995 133 1267 178 SECUNDA,

415 238 504 273 stat
541 232 583 272 in
621 238 770 273 centro
805 233 868 273 tui
906 233 1025 282 Luci,
1063 233 1101 273 81
1137 234 1202 274 Te
1238 231 1465 286 inexpleto
1505 232 1670 274 lumine

417 307 624 354 aspectat,
650 302 742 342 Nos
771 315 870 341 eum
895 302 1121 351 cernimus,
1143 302 1220 342 sed
1249 302 1284 342 is
1314 301 1357 341 id
1389 302 1584 355 ignorat,
1616 314 1670 341 ne

417 369 517 409 illuc
544 369 670 410 flecte
701 369 881 419 vultum,
904 371 1051 411 veniat
1080 371 1182 424 ipse,
1207 370 1246 411 &
1272 377 1315 410 te
1342 370 1559 410 submissa
1579 383 1670 410 am-

417 440 509 480 biat
542 454 696 493 prece,
728 447 774 481 tu
808 454 984 481 consors
1018 440 1110 493 ejus
1145 441 1259 489 vitae,
1291 440 1329 481 ἃ
1366 453 1541 480 consors
1577 439 1670 492 ejus

417 509 510 556 tori,
533 509 677 549 futura
699 523 769 560 es;
802 522 902 549 nam
925 510 960 549 is
985 509 1062 549 tibi
1091 523 1116 549 a
1144 508 1264 551 Caelo
1292 515 1446 562 pactus
1477 514 1570 556 est;
1600 507 1671 548 hic

420 577 527 617 Dies
564 578 695 618 etiam
729 578 892 630 nuptiis
921 583 986 617 est
1016 578 1185 629 dictus;
1216 578 1398 631 ipsaque
1418 578 1542 618 adest
1564 576 1671 617 hora

415 645 590 699 jugulis.
651 646 777 686 Tunc
809 646 923 686 illico
954 646 1164 699 pronubae
1196 646 1416 695 Caelestes,
1437 645 1670 685 candidam

419 715 511 767 ejus
534 728 717 764 comam,
740 729 837 767 quae
861 715 1038 755 dividua
1059 714 1238 768 tegebat
1260 714 1382 764 colla,
1404 715 1447 754 in
1475 720 1671 754 comtum

419 783 662 836 religabant
679 784 853 832 nodum,
871 782 908 822 &
926 782 1040 823 hunc
1056 782 1215 823 circulo
1232 782 1502 823 insertabant
1518 795 1672 823 aureo:

420 866 470 892 ac
494 851 622 892 simul
650 850 869 892 Coronam
900 851 1152 891 diademate
1176 851 1377 900 cinctam,
1399 851 1531 904 capiti
1564 851 1673 903 Ejus

420 921 684 974 impositam,
715 920 862 973 digitis
896 920 982 959 suis
1016 919 1278 960 firmabant:
1309 920 1369 960 sic
1403 919 1516 960 Eam
1550 933 1674 960 mun-

420 990 537 1030 ditiis
574 988 827 1041 simplicem,
865 988 903 1028 &
945 1002 1002 1028 ex
1044 1002 1089 1028 se
1130 988 1500 1038 formosissimam,
1537 1001 1675 1041 usque

420 1059 567 1111 aliquo
601 1058 732 1107 cultu,
755 1058 866 1097 sicut
899 1056 1131 1110 Sponsam,
1152 1057 1209 1097 ad
1237 1058 1474 1098 adventurn
1501 1057 1677 1110 Sponsi,

422 1127 707 1168 adornabant.
770 1126 930 1175 Puella,
950 1126 1078 1179 hujus
1114 1126 1203 1175 fati,
1231 1126 1269 1167 &
1298 1127 1403 1179 quid
1435 1127 1611 1180 nuptiae,
1635 1126 1674 1167 ἃ

421 1196 688 1236 consortium
720 1195 815 1245 tori,
839 1194 980 1235 adhuc
1001 1196 1157 1244 nescia,
1180 1196 1285 1236 dum
1307 1195 1373 1236 his
1395 1201 1677 1249 operarentur

423 1265 642 1313 Caelestes,
679 1264 718 1304 ἃ
760 1263 870 1304 forte
910 1264 1015 1304 dum
1054 1263 1190 1304 oculis
1230 1263 1330 1304 illuc
1369 1264 1514 1314 versis,
1547 1263 1677 1304 simul

423 1334 537 1374 limis
572 1334 686 1373 Eum
721 1339 904 1386 raperet,
925 1333 1047 1385 genis
1077 1334 1165 1373 suis
1196 1333 1257 1373 ita
1287 1333 1469 1382 erubuit,
1491 1339 1540 1374 ut
1569 1333 1676 1374 Vita

422 1402 478 1442 ab
518 1402 682 1442 intimis
716 1401 839 1441 faciei
871 1401 914 1440 in
951 1401 1129 1441 Amoris
1160 1401 1388 1453 cujusdam
1428 1401 1675 1442 Flammam

423 1471 638 1519 emicaret,
658 1469 695 1510 &
717 1469 810 1509 haec
832 1470 873 1509 in
899 1470 1151 1522 Purpuram,
1170 1483 1268 1522 quae
1284 1471 1499 1510 variatum
1516 1484 1542 1510 a
1558 1470 1677 1511 fibris

422 1545 608 1588 textum,
642 1538 830 1591 pulchre,
859 1538 969 1578 sicut
998 1551 1153 1587 rosam,
1176 1539 1386 1591 tingebat,
1407 1546 1652 1592 erumperet
1668 1554 1678 1590 ;

423 1609 484 1648 sic
506 1607 630 1660 quasi
653 1607 695 1646 in
719 1606 862 1646 Nudae
886 1606 1047 1647 Gratiae
1065 1606 1262 1648 Caelestis
1283 1607 1519 1659 imaginem
1541 1621 1676 1648 versa.

487 1687 574 1716 110.
610 1675 929 1728 Primogenitus
959 1675 1063 1715 dum
1091 1675 1208 1715 solus
1231 1675 1548 1715 Paradisiacam
1576 1689 1677 1729 age-

425 1750 489 1784 ret
522 1745 670 1793 vitam,
699 1743 736 1783 &
771 1744 934 1784 Mentis
967 1757 1058 1784 suae
1089 1744 1179 1784 otia
1211 1743 1370 1784 delitiis
1400 1745 1677 1797 aspectabilis

426 1813 581 1853 Mundi
619 1818 828 1864 pasceret,
862 1811 1175 1853 formosissima
1210 1811 1284 1852 illa
1322 1812 1543 1865 Nympha,
1579 1827 1676 1866 quae

425 1881 506 1921 sub
547 1881 731 1932 aucupio
772 1881 927 1933 somni,
964 1881 1007 1920 in
1046 1880 1128 1921 hoc
1169 1880 1249 1921 sibi
1288 1881 1380 1921 visa
1420 1881 1501 1921 fuit
1542 1881 1676 1932 Luco,

426 1950 580 1990 millies
604 1949 773 1989 redibat
795 1949 838 1989 in
861 1954 1066 1998 mentem,
1088 1963 1220 2001 quare
1246 1949 1400 1989 millies
1431 1951 1678 1992 retentabat

424 2019 552 2067 viam,
576 2018 651 2057 sed
673 2018 791 2057 irrito
813 2031 984 2071 semper
1004 2024 1190 2068 conatu;
1223 2018 1328 2058 Idea
1350 2017 1441 2070 ejus
1473 2018 1573 2059 inde
1600 2033 1677 2060 ex-

425 2088 558 2127 citata
591 2092 764 2126 tantum
796 2087 1080 2139 ingenerabat
1111 2087 1272 2139 ignem,
1299 2092 1346 2126 ut
1377 2087 1494 2140 ipsas
1527 2101 1678 2129 accen-

427 2155 548 2195 deret
584 2152 809 2203 medullas,
833 2154 871 2195 ἃ
905 2155 965 2194 sic
999 2154 1361 2208 tranquillitatem
1393 2156 1485 2208 ejus
1513 2157 1614 2198 vitae
1634 2158 1677 2198 in

426 2223 633 2264 sollicitas
652 2228 839 2263 verteret
870 2236 1020 2263 curas:
1051 2222 1122 2263 hic
1147 2223 1275 2263 ardor
1305 2236 1441 2276 usque
1477 2224 1533 2265 ad
1563 2225 1677 2266 hunc

426 2291 647 2333 crescebat
674 2291 802 2342 diem,
826 2305 912 2345 quo
942 2291 1163 2333 Divinitus
1194 2292 1479 2333 constitutum
1507 2300 1611 2343 erat,
1631 2299 1679 2335 ut
