1835 2672
393 183 434 216 14
649 173 834 209 CAPUT
859 173 1097 218 PRIMUM,
1131 173 1327 209 SECTJO
1358 174 1389 208 I.

387 273 529 326 jectae,
548 286 636 312 suae
662 273 805 321 Herae,
829 271 996 321 faciem,
1015 271 1281 313 reflecteret:
1311 272 1371 312 ita
1392 284 1652 325 quocunque

392 343 574 391 abirent,
596 341 634 381 δε
664 348 883 394 utcunque
912 355 956 381 se
985 347 1213 389 verterent,
1238 340 1318 380 sub
1348 341 1518 390 intuitu,
1542 339 1579 380 &
1610 340 1653 380 in

393 410 628 464 praesentia
650 410 715 450 sui
740 409 948 465 Parentis,
972 409 1256 449 nihilominus
1278 409 1480 462 agebant.

458 490 516 519 12.
551 478 681 520 Orbis
705 485 852 519 noster
874 478 973 518 ideo
997 479 1156 518 circum
1182 477 1332 519 Solem
1355 491 1482 517 suum
1501 477 1543 516 in
1561 490 1656 529 per-

395 554 549 601 petuas
574 547 746 596 heliceS,
771 547 808 587 &
839 547 1040 600 perennis
1073 546 1274 587 Cochleae
1303 546 1453 599 spiras,
1475 546 1656 586 circum-

395 623 519 657 actus
538 623 613 665 est,
633 622 680 656 ut
698 629 775 668 per
792 616 1020 656 continuas
1038 616 1232 667 citasque
1250 615 1494 655 volutiones
1509 613 1659 654 omnia

395 686 459 725 sui
496 685 645 725 tenelli
681 684 718 724 ἃ
751 684 894 724 adhuc
928 684 1031 724 nudi
1064 684 1269 737 Corporis
1300 690 1463 737 puncta
1497 682 1659 723 Ei·0b-

396 758 594 801 verteret,
619 751 656 790 δι
681 751 849 792 Caloris
872 750 963 803 ejus
993 749 1165 790 afflatus
1195 764 1271 803 per
1298 763 1449 790 omnes
1477 750 1592 790 vices
1621 748 1659 790 &

377 849 379 851 -
397 820 572 873 gradus,
588 821 630 860 in
652 834 698 860 se
714 820 974 872 susciperet;
1006 832 1107 858 nam
1126 819 1269 858 adhuc
1287 832 1374 859 non
1391 818 1540 859 Tellus
1557 823 1661 866 erat,

398 889 475 929 sed
499 890 708 941 inoperta,
728 888 765 928 ἃ
784 894 877 928 tota
895 894 1059 940 quanta
1082 888 1173 927 sine
1195 887 1318 927 litore
1343 887 1380 927 δε
1404 887 1508 927 limo
1531 886 1660 935 unda,

400 972 586 1011 magnus
609 957 772 997 scilicet
795 956 934 996 fluens
955 969 1134 996 acervus
1157 957 1466 1008 principiorum
1495 962 1662 995 naturae

400 1028 559 1076 inertis,
575 1027 648 1079 qui
670 1027 797 1066 vicini
819 1032 909 1066 tam
932 1026 1124 1065 ardentis
1146 1025 1229 1065 foci
1251 1025 1381 1065 radiis
1403 1025 1588 1074 strictus,
1608 1024 1664 1064 ab

400 1097 498 1136 imis
515 1095 813 1136 effervesceret
832 1094 869 1134 ἃ
889 1094 1099 1134 ebulliret.
1142 1094 1205 1135 Ut
1223 1108 1326 1147 ergo
1343 1093 1436 1134 haec
1453 1094 1666 1148 principia

400 1179 476 1205 seu
493 1164 641 1204 inertis
657 1163 695 1204 &
710 1164 917 1217 gravioris
934 1169 1099 1203 naturae
1114 1163 1341 1211 elementa,
1353 1163 1395 1202 in
1411 1163 1667 1203 secundaria

402 1248 527 1283 nova,
552 1247 703 1286 aquea,
722 1233 870 1279 salina,
893 1238 1042 1281 terrea,
1063 1231 1100 1271 ἃ
1121 1232 1279 1272 similia
1302 1231 1607 1280 coalescerent,
1626 1230 1665 1271 ἃ

400 1303 457 1343 ab
489 1302 555 1342 his
587 1303 775 1354 denique
808 1300 988 1340 infinitae
1025 1301 1247 1340 varietatis
1285 1300 1416 1340 foetus
1457 1300 1667 1341 exclude-

402 1378 562 1420 rentur,
585 1371 699 1411 orbis
723 1370 790 1410 hic
815 1369 1151 1409 innumerabiles
1182 1369 1325 1409 subire
1355 1369 1393 1409 ἃ
1419 1381 1667 1422 percurrere

404 1441 556 1481 debuit
577 1441 692 1479 vices
717 1438 754 1479 Sc
777 1439 1053 1486 mutationes,
1076 1439 1187 1477 sicut
1215 1438 1400 1478 totidem
1431 1437 1668 1478 efficientes

405 1523 567 1557 causas
587 1522 644 1548 eX
666 1521 850 1560 quarum
875 1508 916 1546 in
941 1520 986 1546 se
1007 1508 1261 1546 continuata
1284 1507 1391 1546 serie
1414 1519 1668 1546 communes

406 1577 672 1632 profluerent
690 1576 882 1623 effectus,
900 1576 972 1628 qui
989 1575 1228 1615 secundum
1248 1575 1444 1614 ordinem
1463 1575 1670 1614 successi-

405 1660 571 1695 vorum,
596 1646 633 1686 81
657 1651 888 1702 perpetuas
912 1657 1139 1683 causarum
1163 1644 1525 1694 continuationes,
1544 1656 1669 1683 suam

408 1716 720 1769 perfectionem
744 1712 933 1752 trahunt.

472 1796 531 1835 13.
566 1784 682 1824 Nam
713 1782 816 1822 bina
848 1787 1003 1821 exorta
1033 1786 1166 1828 erant,
1201 1780 1238 1820 Sc
1264 1780 1356 1832 jam
1387 1779 1671 1820 luxuriabant

409 1860 576 1894 naturae
601 1851 826 1904 Principia,
850 1849 1011 1890 Activa
1033 1849 1196 1889 scilicet
1220 1849 1257 1890 ἃ
1283 1849 1467 1896 Passiva,
1486 1862 1670 1901 quorum

410 1923 483 1962 illa
524 1927 667 1962 totum
709 1918 1012 1972 adimplebant
1052 1918 1326 1968 Universum,
1362 1917 1519 1958 AEther
1555 1917 1671 1958 enim

410 1991 562 2032 talium
587 1988 899 2042 principiorum
925 2001 998 2026 seu
1027 1987 1181 2026 virium
1212 1985 1526 2038 Atmosphaera
1553 1992 1672 2036 erat;

411 2063 504 2102 haec
537 2066 685 2100 autem
718 2072 792 2098 scu
825 2058 997 2110 passiva
1029 2056 1071 2095 in
1105 2070 1237 2095 unum
1271 2062 1491 2108 congesta,
1519 2055 1674 2108 globos

413 2127 739 2170 constituebant
781 2127 822 2166 in
865 2125 1035 2167 Centris
1077 2124 1484 2177 circumgyrationis
1519 2123 1673 2163 virium

413 2198 652 2238 activarum
695 2208 929 2248 suspensos
972 2194 1008 2234 &
1051 2193 1358 2246 aequilibratos.
1451 2191 1539 2233 Sed
1581 2191 1676 2232 haec

417 2266 631 2319 Principia
665 2263 913 2317 copulanda
948 2269 1081 2312 erant,
1118 2262 1156 2302 ἃ
1190 2275 1325 2301 unum
1361 2261 1484 2314 quasi
1520 2262 1675 2314 nuptui

414 2336 610 2376 dandum
647 2333 782 2381 alteri,
816 2338 861 2372 ut
895 2345 1007 2372 nova
1039 2330 1076 2371 ἃ
1111 2330 1346 2370 mediatrix
1379 2329 1678 2383 conciperetur
