1835 2672
391 146 454 180 132
588 135 771 170 CAPUT
801 133 1122 178 SECUNDUM,
1154 133 1349 169 SECTJO
1381 134 1456 169 III.

386 251 464 290 per
484 235 601 277 hunc
629 236 828 277 ordinem
859 236 965 289 ipsae
996 235 1266 288 Insipientiae
1296 235 1590 278 reformantur
1611 238 1654 278 in

388 306 722 358 Intelligentias,
745 318 795 346 ac
820 305 1009 345 Insaniae
1033 305 1076 344 in
1101 305 1378 358 Sapientias;
1411 305 1541 346 limus
1561 320 1654 347 ver-

386 375 492 415 titur
513 375 556 415 in
585 375 871 415 clarissimam
900 387 1136 427 gemmam,
1159 373 1197 414 &
1227 373 1370 426 pulvis
1399 375 1443 414 in
1472 375 1654 416 rutilum

384 443 585 494 Aurum3
618 443 773 496 Caligo
795 449 964 483 naturae
994 442 1145 483 innata
1176 442 1444 496 splendescit
1469 444 1580 485 sicut
1608 444 1652 484 in

384 512 505 553 luce:
551 512 694 553 Actus
730 512 878 561 nostri,
915 513 1104 565 pietates
1138 510 1177 552 ἃ
1213 512 1396 553 virtutes
1431 512 1572 564 fiunt3
1614 512 1653 554 ἃ

384 588 597 634 praeterea
632 595 689 621 ex
726 586 832 620 voto
870 579 908 620 &
950 579 1170 620 sententia
1211 581 1360 621 omnia
1400 582 1652 622 succedunt.

384 651 551 690 Verum
579 650 705 690 aliter
731 662 919 702 prorsus,
942 649 976 688 si
1007 648 1078 689 hic
1107 649 1216 690 ordo
1245 650 1484 700 invertitur,
1508 650 1552 690 id
1575 657 1652 699 est,

384 720 419 760 si
443 726 610 760 naturae
631 720 760 760 datur
782 719 958 759 licentia
979 719 1022 758 in
1045 719 1288 771 superiores
1317 718 1356 760 &
1384 733 1530 761 sacros
1551 720 1654 761 vitae

383 795 514 837 toros,
538 789 704 842 absque
732 789 872 835 venia,
897 787 1161 840 irrumpere:
1192 788 1227 827 si
1255 787 1349 837 hoc,
1372 790 1521 829 omnia
1548 795 1653 830 tunc

384 864 543 911 sponte
570 871 617 898 se
644 857 873 897 involvunt
905 856 1097 906 umbris;
1127 856 1230 896 vitae
1262 855 1300 896 ἃ
1333 857 1494 897 amoris
1523 857 1652 907 faces,

384 927 531 967 lumen
568 926 673 966 illud
707 938 869 973 exosae,
902 924 1075 977 fugiunt
1113 924 1151 965 δι
1194 925 1318 977 quasi
1360 933 1652 967 evanescunt:

385 996 527 1049 Leges
550 996 666 1035 enim
688 995 822 1047 ipsius
840 993 1017 1041 ordinis,
1037 1007 1087 1033 ac
1103 993 1205 1033 vitae
1223 994 1477 1043 constituta,
1494 995 1652 1036 rescin-

383 1065 571 1114 duntur;
603 1063 769 1104 &nihil
797 1076 883 1102 non
914 1076 971 1102 ex
1001 1062 1089 1102 ictu
1117 1062 1304 1102 formam
1334 1063 1504 1116 accipit,
1528 1077 1578 1104 ac
1608 1064 1650 1104 in

382 1135 723 1180 contentionem,
749 1132 786 1172 &
810 1132 870 1172 sic
894 1131 937 1171 in
968 1131 1214 1180 discrimen,
1234 1132 1364 1173 venit.
1429 1132 1475 1173 Si
1504 1132 1650 1180 libeat.

383 1203 595 1243 faciamus
630 1201 885 1255 periculum,
917 1200 995 1240 sed
1028 1200 1268 1253 prudenter
1299 1201 1521 1254 agendum
1554 1208 1649 1253 est;

382 1273 631 1326 aperiamus
653 1271 767 1311 fores
796 1270 905 1319 atrii,
928 1283 978 1310 ac
1005 1270 1227 1323 patiamur
1254 1269 1442 1311 famulas
1468 1277 1653 1322 nostras,

382 1355 457 1382 seu
483 1341 625 1389 Ideas,
643 1340 685 1380 in
702 1340 816 1380 hanc
835 1340 1025 1388 Curiam,
1043 1352 1101 1378 ex
1118 1339 1360 1392 imaginato
1378 1339 1459 1380 sibi
1484 1340 1651 1381 Ordine

383 1410 420 1450 ἃ
454 1410 678 1456 instinctu,
711 1408 916 1457 influere;
947 1421 998 1448 ac
1029 1407 1275 1448 videbimus
1308 1408 1445 1448 oculis
1478 1409 1650 1459 nostris,

381 1493 438 1519 ex
455 1493 506 1518 eo
520 1479 700 1525 inverso,
720 1476 1035 1516 immoderatos
1053 1476 1223 1516 illarum
1239 1477 1489 1529 impetus‚&
1506 1484 1653 1520 actus:

380 1549 446 1588 his
478 1548 617 1596 dictis,
650 1559 849 1586 excussae
881 1552 982 1586 sunt
1014 1559 1135 1594 serae,
1158 1559 1208 1585 ac
1242 1545 1359 1586 Ideis
1389 1547 1515 1598 copia
1544 1547 1650 1588 data

381 1624 458 1666 est,
476 1631 533 1657 ex
558 1616 778 1658 Cubiculis
800 1615 899 1663 suis,
918 1629 1004 1668 qua
1026 1614 1200 1663 vellent,
1219 1614 1325 1668 lege,
1341 1615 1384 1655 in
1404 1614 1648 1668 Olympum

381 1687 647 1739 irrumpere;
689 1698 787 1738 quae
826 1684 942 1724 illico
978 1698 1003 1724 a
1035 1683 1314 1736 laquearibus
1346 1684 1433 1724 suis
1467 1685 1649 1738 direptis

382 1755 562 1807 lychnis,
600 1769 649 1795 ac
685 1754 886 1808 impexis,
919 1753 1030 1793 sicut
1067 1758 1203 1802 erant,
1241 1752 1390 1802 comis,
1425 1753 1468 1793 in
1506 1754 1648 1807 ipsam

380 1884 534 1917 quarum
547 1872 757 1906 influxionis
772 1872 863 1906 ordo
877 1882 959 1906 esse
974 1871 1085 1905 debet
1096 1880 1244 1915 prorsus
1259 1869 1463 1904 secundum
1478 1870 1647 1905 ordinem

378 1934 587 1962 nostrarum
614 1927 840 1971 facultatum,
865 1926 1004 1961 scilicet
1031 1937 1053 1959 a
1081 1925 1269 1970 Supremis
1295 1925 1344 1959 ad
1369 1925 1552 1969 inferiora,
1571 1937 1647 1960 non

378 1990 502 2017 autem
520 1983 694 2017 vicissim.
745 1983 794 2017 At
812 1993 899 2016 vero
922 1982 1069 2015 Animae
1093 1981 1270 2014 influxum
1296 1980 1332 2014 in
1356 1987 1519 2015 mentem
1537 1982 1646 2016 ratio-

377 2040 512 2081 nalem,
540 2050 583 2073 ex
611 2038 733 2081 simili,
758 2050 822 2072 seu
850 2049 893 2072 ex
924 2037 1063 2072 Mentis
1090 2037 1195 2070 istius
1219 2036 1355 2070 influxu
1384 2036 1422 2070 in
1454 2037 1646 2072 Musculos

378 2095 611 2139 aliquatenus
642 2094 836 2138 concipere
867 2104 1077 2137 possumus,
1103 2103 1191 2125 narn
1220 2091 1380 2125 Musculi
1407 2098 1492 2126 sunt
1517 2092 1647 2127 formae

377 2150 424 2184 ad
451 2150 574 2183 ideam
601 2160 676 2182 suae
702 2149 849 2191 mentis,
877 2148 970 2182 sicut
996 2148 1077 2182 haec
1103 2147 1152 2180 ad
1177 2158 1254 2180 suae
1280 2146 1438 2190 Animae,
1464 2147 1644 2182 excitatae.

379 2206 472 2239 Haec
492 2216 637 2239 summa
656 2215 776 2238 rerum
794 2210 862 2247 est,
877 2203 943 2237 sed
961 2203 1039 2248 ejus
1058 2209 1180 2247 partes
1200 2201 1416 2246 singillatim
1436 2202 1472 2236 in
1491 2214 1646 2247 sequen—

375 2261 474 2296 tibus
497 2259 739 2304 expcdienclae
765 2266 861 2301 sunt,
880 2266 918 2293 ut
946 2259 1031 2293 inde
1058 2258 1141 2292 idea
1167 2264 1243 2292 tam
1272 2257 1437 2302 Ordinis,
1455 2269 1567 2303 quam
1588 2259 1648 2292 In-

376 2316 504 2359 fluxus,
523 2327 589 2360 per
605 2314 753 2359 gradus,
772 2314 904 2348 clarior
921 2314 1080 2348 sistatur.
