1835 2672
400 145 443 178 14
811 136 956 171 PARS
985 136 1258 181 SECUNDA,

395 235 616 277 mirabiles
637 250 738 277 suas
758 236 1002 278 functiones
1020 238 1166 286 edunt,
1184 237 1264 278 sibi
1287 243 1440 278 mutuo
1456 237 1654 279 subordi-

395 311 524 354 natae,
538 305 598 345 ita
614 319 659 345 se
676 305 850 346 habent.
898 305 1108 348 Omnium
1128 307 1271 347 Prima
1290 307 1461 356 Forma,
1474 305 1652 347 Animae

396 380 557 414 nostrae
579 375 766 427 propria,
783 375 943 415 dicitur
964 374 1342 428 Sztpra-Caelestz's:
1371 375 1527 415 Altera
1539 388 1652 424 vero,

395 455 494 495 quae
517 448 583 482 est
601 443 763 483 Mentis
779 443 1105 493 Intellectualis,
1119 444 1241 484 audit
1261 443 1468 486 Coelestis:
1490 443 1652 493 Tertia,

395 524 494 564 quae
517 517 582 551 est
605 511 768 552 Mentis
790 511 1013 561 inferioris,
1028 526 1103 552 seu
1127 512 1291 562 Animi,
1309 518 1489 552 vocatur
1501 512 1653 564 Infra-

399 578 592 620 Caelestis.
657 579 740 619 His
771 580 864 632 jam
900 580 1139 621 succedunt
1176 581 1347 621 Forma?
1375 594 1482 634 pure
1512 581 1654 621 Natu-

395 647 517 696 rales,
535 661 632 700 quae
653 648 686 687 si
705 662 762 688 ex
784 648 991 688 fluxionis
1012 662 1101 688 suae
1124 650 1279 689 natura
1302 648 1653 699 denominandae,

395 729 544 756 earum
582 716 725 756 Prima
765 716 951 756 dicenda
986 722 1053 756 est
1094 716 1297 769 sz'ralis,
1334 717 1570 770 conspicua
1610 718 1653 758 in

395 784 501 836 ipsis
524 784 559 823 F
563 784 665 824 ibris
689 784 947 837 Corporeis:
978 784 1136 825 Altera
1160 785 1398 827 Cz'rcularis
1417 786 1485 826 vel
1510 785 1654 839 Splzoe-

397 853 499 901 rica,
527 852 569 892 in
601 852 731 895 ,Vasis
765 852 1034 905 Sanguineis.
1091 853 1243 894 Tertia
1270 854 1528 906 Angularz‘s,
1556 868 1655 908 pro-

397 921 489 974 prie
509 921 743 961 Terrestris
767 920 805 961 &
829 921 1081 968 Materialis‚
1099 935 1177 974 pro
1199 924 1480 974 corporatura
1497 921 1654 972 fluidis,

396 990 566 1043 ipsique
598 990 810 1042 sanguini,
834 996 882 1030 ut
912 990 949 1030 &
975 989 1181 1030 fibrarum
1205 990 1387 1043 spiritui,
1409 990 1653 1032 inserviens.

396 1059 461 1099 At
482 1073 597 1108 vero,
621 1059 761 1112 qualis
782 1058 972 1112 cujusvis
995 1059 1166 1100 Formae
1196 1060 1367 1100 Natura
1397 1059 1463 1109 sit,
1487 1059 1656 1100 discen-

397 1129 500 1168 dum
526 1134 603 1177 est,
625 1128 681 1168 ab
704 1128 766 1177 iis,
790 1141 888 1181 quae
912 1128 1158 1168 Intellectui
1181 1142 1259 1181 per
1280 1128 1496 1170 Sensuum
1518 1128 1658 1169 admi-

397 1196 542 1236 nicula
563 1203 729 1250 patent,
748 1197 932 1249 proinde
963 1196 1019 1237 ab
1048 1197 1223 1246 ultimis,
1246 1211 1321 1237 seu
1353 1197 1409 1238 ab
1440 1197 1656 1251 Angulari

399 1264 438 1305 &
460 1265 709 1318 Sphaerica:
734 1266 827 1315 Illa,
844 1279 919 1306 seu
935 1265 1187 1319 AngulariS,
1210 1279 1268 1306 ex
1290 1266 1656 1307 determinatione

398 1334 480 1374 sibi
498 1340 651 1374 mutuo
668 1334 873 1388 opposita
890 1335 1086 1375 omnium
1106 1334 1430 1384 Essentialium,
1450 1335 1493 1375 id
1511 1334 1656 1385 trahit,

399 1403 517 1455 quod
542 1403 730 1443 Materia
752 1404 896 1456 gravis
919 1403 957 1444 ἃ
981 1403 1092 1443 iners
1114 1403 1182 1452 sit,
1204 1404 1258 1444 ad
1287 1417 1463 1444 omnem
1487 1409 1656 1444 motum

398 1485 476 1524 per
497 1485 543 1511 se
569 1472 741 1524 inepta:
772 1472 929 1512 Altera
961 1486 1035 1512 seu
1067 1472 1292 1525 Sphaerica
1320 1472 1462 1525 priore
1493 1473 1657 1525 perfec-

398 1540 484 1580 tior
505 1546 570 1580 est
593 1541 636 1580 in
659 1554 722 1589 eo,
746 1541 863 1593 quod
887 1540 1135 1593 superficies
1152 1541 1244 1593 ejus
1265 1540 1483 1581 infinitum
1501 1541 1658 1582 referat

398 1608 640 1662 Angulum,
664 1623 743 1649 nec
764 1609 844 1649 nisi
867 1622 1000 1662 quam
1022 1610 1197 1649 unicum
1221 1609 1422 1662 respiciat
1443 1615 1656 1662 punctum

399 1676 540 1717 fixum
564 1691 621 1717 ex
643 1678 847 1731 opposito
878 1679 1075 1718 omnium
1107 1683 1369 1730 punctorum
1402 1677 1656 1730 superficiei,

399 1747 518 1799 quod
541 1746 699 1787 dicitur
721 1747 931 1788 Centrum
950 1761 958 1797 3
990 1747 1148 1787 idcirco
1171 1746 1228 1786 ud
1252 1752 1433 1795 motum,
1456 1745 1494 1787 ἃ
1515 1747 1656 1786 varia-

400 1816 543 1856 tiones
564 1815 728 1864 formae,
746 1815 1088 1856 accommodata.
1141 1814 1291 1854 Tertia
1315 1828 1390 1854 seu
1416 1814 1608 1867 Spiralis,
1631 1829 1657 1855 a

400 1885 479 1924 sua
500 1884 874 1933 determinatione,
893 1883 1036 1924 adhuc
1058 1883 1323 1937 superiorem
1341 1883 1473 1923 trahit
1494 1884 1657 1936 perfec-

401 1953 577 2001 tionem,
595 1966 695 1992 nam
718 1953 874 1993 iterum
896 1953 1038 1993 induit
1055 1952 1278 2006 quoddam
1300 1958 1558 2005 perpetuum
1581 1959 1657 1994 aut

401 2021 647 2070 infinitum;
678 2021 785 2061 radii
818 2022 935 2061 enim
967 2021 1072 2074 ejus,
1096 2021 1197 2074 quia
1223 2026 1323 2061 sunt
1349 2021 1488 2074 spirae,
1511 2034 1557 2061 se
1578 2022 1658 2062 cir-

401 2089 604 2130 culariter
624 2096 779 2142 urgent
811 2103 898 2130 non
930 2090 1185 2131 immediate
1206 2090 1261 2130 ad
1286 2089 1494 2130 Centrum
1518 2090 1657 2142 quod-

401 2159 505 2199 dam
536 2157 688 2207 fixum,
709 2158 785 2198 sed
815 2159 870 2198 ad
904 2158 1177 2211 superficiem
1211 2157 1437 2210 cujusdam
1464 2158 1659 2212 sphaerae,

402 2227 539 2268 centri
575 2227 669 2279 ejus
703 2227 848 2267 locum
883 2227 1101 2278 tenentis;
1133 2227 1195 2267 ita
1224 2226 1366 2267 adhuc
1390 2227 1446 2267 ad
1473 2233 1656 2277 motum,

405 2294 444 2336 &
485 2295 541 2336 ad
581 2295 844 2336 variationes
885 2295 1048 2347 formae,
1089 2295 1230 2349 priore
1271 2295 1654 2337 accommodatior.
