1835 2672
371 134 416 168 74
583 128 766 164 CAPUT
795 129 1112 175 SECUNDUM
1149 131 1344 167 SECTIO
1376 133 1428 167 ll.

371 227 582 267 tueamini
606 227 644 268 &
667 228 871 269 ambiatis
892 229 1035 279 finem,
1060 244 1191 283 quarn
1222 230 1467 284 Optimum,
1489 231 1532 272 id
1556 237 1633 282 est,

371 293 586 336 Amorem
610 296 824 350 Supremi‚
848 298 972 338 vobis
998 313 1096 338 cum
1126 301 1216 339 vita
1246 299 1284 340 Sc
1313 299 1425 340 lacte
1453 300 1634 353 inspira—

371 370 478 414 tum,
496 378 597 405 nam
622 365 693 405 ille
716 373 781 407 est
803 366 899 407 finis
922 367 1085 416 finium,
1109 369 1274 421 primus
1297 368 1452 419 ultimi,
1473 368 1511 409 ἃ
1534 369 1634 409 ulti-

373 446 469 473 mus
485 434 612 486 primi
628 449 635 485 ;
658 448 715 474 ex
734 435 807 475 illo
824 442 925 475 sunt
942 437 1100 485 omnia,
1116 437 1218 489 quia
1236 437 1307 477 ille
1325 443 1389 477 est
1411 438 1606 477 omnium
1624 451 1633 487 ;

373 501 474 542 inde
495 510 650 543 vestrze
681 504 939 552 faustitates‚
964 504 1001 545 ἃ
1031 504 1306 545 faustitatum
1336 506 1543 556 felicitas;
1577 520 1634 546 ex

373 584 522 611 amore
551 578 694 612 vestro
727 573 944 621 amamini,
970 573 1007 613 &
1040 587 1097 613 ex
1130 588 1279 614 amore
1310 574 1417 626 Ejus
1450 575 1634 625 amatis;

373 640 474 680 inde
496 640 573 680 lux
594 647 835 681 vestrarum
860 642 1153 692 intuitionum,
1178 641 1215 682 δε
1245 657 1365 682 sacer
1392 650 1635 683 vestrarum

372 708 594 749 actionum
612 709 750 758 calor;
774 710 866 762 ejus
885 711 999 750 enim
1017 711 1190 751 luminis
1209 713 1316 752 radii
1331 719 1432 752 sunt
1448 713 1635 752 totidem

371 779 588 827 veritates,
613 778 650 819 ὃς
674 779 766 831 ejus
789 779 1007 819 radiorum
1034 780 1155 832 ignes
1180 787 1280 820 sunt
1303 781 1488 821 totidem
1512 781 1636 821 boni-

371 853 497 888 tates.
570 847 717 900 Hujus
755 847 793 887 &
829 848 958 888 vestri
997 849 1156 888 amoris
1193 850 1335 901 gratia
1373 850 1528 902 Regno
1565 863 1637 890 me

373 916 540 964 abdico,
565 916 602 956 &
634 916 726 968 ejus
754 917 924 956 clavum
954 917 1077 957 vobis
1106 919 1346 970 regendum
1376 918 1514 967 trado,
1537 924 1636 958 tan-

373 991 466 1026 tum
491 986 607 1026 enim
630 1000 706 1026 vas
729 987 917 1039 depereo
937 1003 944 1027 :
975 987 1043 1026 En
1067 987 1215 1039 itaque
1232 987 1324 1039 jam
1349 1001 1418 1027 me
1435 993 1637 1037 vestram,

374 1068 453 1094 nec
474 1055 661 1107 amplius
680 1055 776 1108 jure
798 1056 1001 1104 Matrem,
1015 1055 1090 1095 sed
1109 1056 1304 1096 sodalem
1323 1055 1360 1096 ἃ
1380 1057 1636 1097 ministram.

371 1123 537 1164 Verum
577 1123 762 1164 sollicita
798 1124 890 1164 Vos
927 1138 1065 1177 prece,
1103 1138 1213 1164 meae
1249 1124 1557 1165 Dilectissimae
1596 1124 1635 1165 Sc

375 1192 599 1233 Charites!
644 1193 802 1240 ambio,
842 1193 1130 1233 recordamini
1169 1207 1291 1242 meae,
1328 1194 1432 1233 dum
1470 1200 1638 1243 vestrae‚

373 1261 535 1310 salutis,
560 1275 660 1301 nam
685 1275 782 1301 mea
805 1261 921 1302 salus
946 1261 983 1301 ἃ
1007 1261 1190 1301 felicitas
1213 1262 1255 1302 in
1284 1269 1429 1302 vestro
1458 1262 1637 1303 arbitrio

373 1337 451 1380 est,
482 1332 674 1371 animam
707 1331 822 1371 enirn
856 1344 1011 1379 meam,
1043 1331 1168 1371 vobis
1200 1331 1380 1371 addixi:
1410 1331 1476 1371 his
1509 1331 1638 1371 dictis

373 1401 576 1452 utrinque
599 1400 766 1440 obortae
788 1406 889 1440 sunt
912 1399 1159 1451 lachrymae,
1180 1400 1222 1438 in
1246 1406 1421 1439 mutuos
1443 1399 1637 1453 delapsae

374 1469 504 1518 sinus,
529 1468 631 1521 quia
655 1469 695 1507 in
719 1468 999 1521 amplexibus
1022 1468 1259 1508 haerebant.

434 1547 496 1589 50.
532 1537 619 1579 Sed
644 1544 742 1590 post
765 1537 956 1590 aliquam
981 1537 1139 1577 silentii
1163 1551 1341 1586 moram,
1364 1537 1497 1577 verba
1520 1537 1639 1578 lach-

374 1608 508 1660 rymis
530 1607 772 1659 intercepta
794 1607 1028 1646 retentavit
1047 1618 1055 1654 ;
1088 1620 1138 1646 ac
1162 1606 1302 1646 Natas
1321 1606 1559 1658 alloquens,
1577 1607 1640 1646 ita

373 1677 445 1729 pia
481 1690 560 1716 sua
595 1675 792 1716 solvebat
829 1689 928 1715 ora:
981 1676 1048 1715 En
1094 1676 1310 1727 Regnum,
1346 1676 1463 1728 quod
1500 1675 1639 1716 Vobis

374 1746 539 1794 addixi,
562 1759 586 1785 a
614 1759 695 1794 me,
720 1745 762 1785 in
791 1746 924 1785 vostri
954 1744 1160 1792 favorem,
1188 1745 1460 1793 instructum,
1489 1749 1566 1794 est,
1590 1750 1639 1784 ut

373 1815 543 1863 videtis,
596 1813 801 1867 parvulus
855 1814 1057 1855 Universi
1106 1819 1250 1866 typuS,
1302 1813 1356 1853 ad
1410 1813 1640 1866 exemplar

375 1883 577 1932 Maximi,
615 1884 676 1923 ita
711 1883 933 1931 formatus,
971 1888 1018 1922 ut
1054 1883 1149 1935 ipsa
1185 1882 1367 1930 Natura,
1405 1882 1485 1921 nisi
1523 1896 1639 1923 caeca

374 1952 497 2002 foret,
527 1953 716 2005 seipsam
750 1952 787 1992 ἃ
822 1952 977 1991 Mundi
1010 1952 1074 1991 sui
1105 1951 1305 2003 effigiem,
1339 1951 1381 1990 in
1419 1964 1471 1990 eo
1506 1951 1640 1991 inter-

376 2034 552 2061 noscere
588 2027 763 2074 posset,
808 2021 883 2060 sed
915 2033 1014 2060 eum
1045 2020 1221 2068 naturis,
1254 2033 1328 2059 seu
1361 2020 1568 2072 potentiis
1599 2018 1638 2059 ἃ

375 2090 549 2138 viribus,
574 2103 599 2129 a
624 2089 775 2128 mundi
797 2089 889 2141 ejus
913 2089 1143 2142 exemptis,
1168 2088 1332 2128 scilicet
1354 2087 1551 2140 propriis,
1575 2093 1640 2127 at-

376 2165 525 2199 tamen
546 2158 601 2198 ad
626 2171 823 2198 normam
847 2157 952 2210 ejus,
978 2157 1186 2198 adornavi
1208 2170 1215 2206 ;
1248 2156 1304 2196 ob
1333 2156 1476 2205 finem,
1498 2162 1546 2196 ut
1567 2156 1640 2197 ille

378 2241 463 2266 non
488 2226 592 2280 ejus,
608 2227 683 2266 sed
702 2226 854 2266 vestris
876 2226 1107 2266 conatibus
1131 2225 1168 2265 ἃ
1186 2224 1640 2274 determinationibus,

377 2296 694 2336 obsecundaret
716 2310 724 2346 ;
774 2309 909 2348 quare
950 2307 1037 2334 non
1073 2293 1170 2347 plus
1208 2293 1318 2346 juris
1361 2293 1402 2332 in
1444 2299 1639 2333 nostrum
