1783 2760
433 160 512 195 DE
542 159 740 195 AMORE
772 158 1160 194 PRJMOGENJTI.
1364 168 1424 202 131

170 257 343 298 ducitur
373 257 506 306 Ordo,
535 263 638 297 tunc
671 255 776 296 nihil
807 261 898 296 tam
931 255 1243 308 complicatum
1277 255 1315 296 &
1353 256 1428 295 ab·

171 332 360 366 strusum
383 332 459 375 est,
481 325 598 378 quod
622 338 708 364 non
731 324 978 376 explicatur
1006 323 1044 363 &
1077 323 1302 372 evolvitur,
1326 338 1428 364 nam

170 401 236 434 est
256 395 349 447 ipsa
372 394 485 442 Lux,
504 407 601 446 quae
623 393 757 442 videt,
778 392 817 433 &
839 392 934 445 ipsa
950 392 1028 432 Vis
1046 392 1171 441 Viva,
1187 405 1286 445 quae
1309 394 1401 445 agit
1419 406 1427 432 :

172 502 290 546 qualis
309 502 368 536 ille
386 502 475 536 ordo
490 502 546 545 sit,
560 502 592 535 δε
606 501 724 546 qualis
742 501 915 543 Infiuxus,
929 500 1134 535 secundum
1148 512 1232 535 eum
1251 501 1429 543 ordinem,

171 556 210 591 id
227 557 469 591 hauriendum
486 563 551 598 est,
570 568 592 590 a
611 556 799 590 Doctrinis
825 556 975 590 Ordinis
1000 555 1032 589 &
1058 555 1261 598 Graduum,
1280 562 1358 589 tum
1382 557 1430 589 ab

174 612 391 654 Influxuum,
409 623 491 657 quae
508 611 718 646 excolendae
737 618 830 645 sunt.
867 611 920 645 Ut
938 622 1024 645 vero
1042 611 1292 654 adumbretur,
1312 612 1431 655 qualis

171 667 217 701 sit
236 667 295 701 ille
314 667 426 710 Ordo,
446 667 477 701 Sc
495 667 613 711 qualis
639 667 812 708 Influxus,
831 666 1024 700 sciendum
1048 673 1114 708 est,
1134 666 1234 710 quod
1260 666 1386 700 Priora
1409 678 1432 700 a

174 722 452 765 Posterioribus,
471 734 534 756 seu
559 722 755 766 Superiora
777 722 824 755 ab
851 721 1101 763 Inferioribus,
1120 732 1160 756 se
1182 733 1331 765 prorsus
1356 722 1429 756 dis-

172 777 351 821 tinguant,
364 777 456 812 sicut
474 777 564 821 ipsae
586 778 739 820 Formae,
752 788 906 821 quarum
925 788 998 810 una
1014 777 1132 820 gignit
1150 777 1325 817 alteram3
1349 787 1431 821 quae

172 832 289 877 gignit
307 840 368 866 aut
386 844 518 877 parens
537 840 602 876 est,
617 832 677 866 illa
690 832 822 866 dicitur
839 832 937 876 prior
953 838 1016 865 aut
1035 832 1218 876 superior;
1246 843 1328 876 quae
1346 843 1431 866 vero

172 888 343 932 gignitur,
361 888 539 932 posterior
563 895 626 921 aut
652 878 912 928 inferi0r3'aut
938 887 967 920 si
993 887 1075 920 loco
1100 886 1301 920 formarum
1328 887 1431 921 dicas

176 943 422 985 Substantias,
436 942 566 977 eodem
585 954 642 977 res
661 943 789 977 recidit
806 954 812 976 :
841 943 1060 986 Supremam
1080 942 1253 975 Formam
1272 942 1430 977 diximus

176 998 435 1042 Spiritualem;
462 998 494 1031 ei
519 997 735 1041 proximam,
758 1008 840 1042 quae
863 998 991 1031 ordine
1016 986 1190 1041 sequitur,
1211 998 1430 1039 Caelestem,

174 1053 304 1087 exinde
340 1053 534 1087 Inferiores
569 1053 676 1086 simili
718 1053 954 1096 generatione
991 1060 1190 1095 exsurgunt
1229 1063 1345 1097 usque
1384 1054 1432 1086 ad

174 1109 353 1151 ultimam,
371 1119 453 1152 quae
470 1108 679 1151 Angularis,
697 1108 841 1152 proprie
863 1109 1072 1150 Terrestris,
1094 1108 1280 1152 Corporea
1299 1108 1330 1142 δε
1352 1109 1432 1142 Ma-

174 1164 324 1207 terialis,
338 1163 479 1206 dicitur,
494 1163 573 1197 haec
593 1163 759 1197 similiter
777 1163 812 1196 in
832 1163 1037 1207 superiores
1055 1174 1098 1196 ac
1119 1163 1318 1206 inferiores,
1338 1164 1432 1197 sicut

173 1219 316 1261 activae,
335 1218 563 1263 dispescitur,
579 1219 624 1252 de
643 1229 715 1262 qua
733 1230 770 1252 re
789 1219 894 1252 infra.
929 1218 1031 1252 Talis
1045 1217 1124 1262 jam
1143 1224 1197 1252 est
1217 1219 1318 1252 Ordo
1339 1219 1432 1253 Sub-

175 1274 417 1315 stantiarum;
459 1274 662 1308 secundum
696 1274 792 1307 hunc
829 1274 1002 1318 Corporis
1036 1273 1152 1307 nostri
1188 1273 1432 1317 Organismus

176 1329 361 1363 institutus
380 1336 434 1363 est
450 1342 458 1370 ;
485 1339 596 1372 quare
614 1329 751 1362 Anima
770 1329 806 1362 in
824 1329 951 1373 primis
971 1328 1003 1362 ἃ
1027 1329 1207 1372 supremis
1231 1329 1285 1362 sui
1313 1330 1431 1372 Regni

175 1395 257 1418 esse
282 1383 423 1426 dicitur,
439 1383 501 1417 ubi
527 1383 655 1417 formae
681 1383 879 1428 spiritualis
905 1390 984 1424 est;
1010 1394 1054 1417 ex
1079 1383 1149 1416 hac
1176 1390 1330 1426 caeterze,
1350 1395 1432 1428 quae

175 1450 241 1484 per
259 1438 504 1472 successivam
522 1439 798 1482 generationem
817 1439 923 1472 unius
942 1439 989 1472 ab
1003 1438 1129 1480 altera,
1145 1438 1300 1472 induunt
1319 1440 1433 1483 quali-

175 1501 288 1528 tatem
311 1493 510 1527 formarum
534 1494 778 1538 sequentium,
798 1505 880 1538 quae
904 1494 986 1527 ideo
1010 1494 1123 1527 etiam
1150 1494 1345 1528 Inferiores
1369 1505 1432 1528 seu

177 1549 400 1584 Posteriores
418 1557 686 1593 nuncupantur.
723 1550 805 1593 Quo
825 1549 952 1583 ordine
972 1549 1041 1582 sibi
1058 1550 1203 1582 Formae
1219 1549 1432 1591 succedunt,

174 1617 218 1640 eo
236 1606 347 1639 etiam
365 1605 583 1650 qualitatum
602 1605 633 1639 δε
651 1606 866 1639 facultatum
885 1605 1047 1639 omnium
1068 1604 1309 1648 perfectiones
1326 1612 1351 1646 ;‘
1367 1606 1432 1639 Su-

175 1662 336 1705 periores
360 1661 457 1694 enim
483 1661 517 1694 in
546 1672 585 1694 se
610 1661 642 1694 &
668 1661 735 1694 sua
761 1661 903 1703 natura,
921 1659 1062 1693 infinite
1089 1660 1322 1702 perfectiores
1348 1670 1432 1694 sunt

175 1715 405 1749 inferioribus
425 1715 461 1748 in
480 1726 519 1749 se
537 1715 569 1749 Sc
587 1715 653 1748 sua
671 1715 819 1756 natura;
847 1714 945 1758 quod
960 1714 1113 1758 quisque
1129 1726 1171 1747 ex
1187 1715 1265 1748 sola
1283 1726 1432 1758 genera-

175 1772 274 1805 tione
293 1771 493 1814 intelligere
512 1777 642 1814 potest.
679 1770 752 1804 Sed
767 1770 940 1814 quaeritur
953 1770 1031 1813 jam
1046 1770 1164 1814 qualis
1179 1777 1233 1803 est
1251 1771 1431 1806 Influxus:

175 1838 249 1860 una
268 1826 403 1859 Forma
421 1836 484 1870 per
503 1837 541 1859 se
562 1837 634 1859 non
650 1826 686 1858 in
701 1825 851 1859 alteram
868 1825 995 1867 influit,
1009 1836 1095 1858 nam
1110 1826 1208 1869 prior
1222 1836 1285 1859 seu
1301 1837 1432 1869 parens

176 1882 251 1924 agit
276 1881 388 1914 modo
414 1881 593 1915 rationem
619 1891 741 1914 causae
766 1880 927 1922 alterius,
952 1891 1014 1913 seu
1041 1880 1166 1914 tribuit
1191 1881 1223 1914 ei
1250 1888 1432 1921 naturam,

175 1943 237 1970 aut
267 1936 331 1970 dat
360 1936 574 1980 potentiam,
601 1935 653 1969 sic
682 1935 715 1969 ἃ
741 1935 846 1968 aliter
872 1935 1075 1969 secundum
1101 1935 1276 1969 influxum
1301 1936 1433 1970 virium

175 1991 379 2025 activarum
397 1991 530 2034 agendi
549 2003 555 2024 :
581 1991 630 2024 At
653 2001 780 2024 omnes
799 1990 904 2024 Vires
927 1990 1069 2031 activae‚
1088 2001 1170 2034 quae
1193 1991 1261 2024 has
1284 1991 1432 2034 formas,

175 2053 214 2080 ut
246 2046 365 2080 nudas
398 2046 595 2090 potentias,
623 2046 781 2080 excitare
815 2045 962 2087 debent,
991 2045 1218 2080 extrinsecus
1252 2046 1407 2081 influunt
1425 2061 1432 2085 ;

176 2101 270 2135 sicut
294 2101 329 2134 in
358 2102 519 2134 Primam
545 2109 709 2134 nostram
735 2111 798 2134 seu
825 2101 1009 2139 Animam,
1036 2100 1117 2144 ipsa
1146 2101 1243 2140 Vita,
1270 2112 1352 2145 quae
1376 2110 1433 2136 est

177 2155 340 2189 omnium
369 2156 436 2189 Vis
465 2156 549 2189 viva
566 2168 573 2196 3
611 2156 648 2189 in
682 2156 835 2189 alteram
869 2155 1045 2196 similiter,
1079 2155 1144 2189 sed
1177 2156 1336 2190 mediate
1369 2167 1433 2200 per

178 2210 353 2254 Spiritum
373 2211 575 2252 Divinum;
602 2222 688 2244 nam
712 2210 866 2244 totidem
891 2217 974 2244 sunt
994 2210 1099 2244 Vires
1123 2211 1263 2252 activze,
1283 2219 1370 2254 quot
1396 2212 1432 2244 in

177 2265 284 2299 nobis
310 2267 493 2310 potentiae‚
521 2278 583 2300 seu
613 2267 716 2300 Vires
743 2266 910 2309 passivae,
935 2265 980 2299 de
1006 2266 1148 2309 quibus,
1167 2266 1310 2299 volente
1339 2267 1431 2305 Deo,

178 2321 304 2355 ordine
338 2332 403 2355 suo
436 2322 622 2365 agendum
653 2328 708 2356 est
727 2334 732 2355 :
777 2321 848 2354 Hae
883 2320 987 2354 Vires
1022 2327 1116 2364 sunt,
1151 2331 1232 2365 qux
1267 2320 1432 2365 influunt,
